2632 3568
958 272 1176 313 Ameri‘coe
1202 272 1547 326 septentrionalis.

438 392 524 436 gro.
584 379 715 421 Pedes
744 379 865 434 nigri,
893 379 1075 436 genibus,
1103 381 1297 423 tibiarum
1320 382 1547 423 anticorum
1567 380 1734 422 dimidio
1764 381 1915 435 priore,
1943 380 2052 423 tibiis

438 445 691 487 intermediis
717 449 880 500 praeter
908 446 1080 501 apicem,
1108 451 1312 488 tarsorum
1342 438 1679 489 intermediorum
1707 446 1880 488 articulo
1919 447 2052 503 primo

438 524 532 552 cum
562 510 645 552 basi
674 510 841 552 secundi
872 511 1024 565 pallide
1051 513 1352 562 ssavicantibus,
1382 518 1602 554 metatarso
1634 513 1772 555 antico
1801 512 1964 555 sordide
1992 513 2052 554 lu·

438 580 508 618 teo
535 576 602 616 vel
632 576 840 617 subfusco.
898 577 1000 618 Alae
1031 591 1130 632 pure
1159 579 1362 633 hyalinae,
1392 580 1506 619 venis
1534 578 1804 634 fusco-nigris.

550 641 756 683 Foemin
770 657 805 683 a.
866 642 965 683 Mari
996 643 1215 693 simillima,
1247 644 1318 686 sed
1350 644 1456 698 pube
1483 645 1612 684 totins
1640 645 1823 699 corporis
1853 642 2052 685 breviore.

437 707 569 750 Frons
597 707 747 763 pallide
775 707 993 762 pullinosa,
1023 723 1143 764 supra
1174 710 1409 757 obscurior,
1438 710 1555 750 lineis
1582 710 1711 751 tribus
1741 711 1893 765 opacis,
1919 710 2055 752 media

437 773 622 829 longiore
643 786 768 827 usque
787 773 837 813 ad
858 778 1125 815 antennarum
1145 775 1271 816 basim
1300 789 1383 816 non
1413 776 1656 831 pertinente,
1684 775 1917 817 lateralibus
1933 775 2053 816 valde

438 839 699 882 abbreviatis.
760 838 873 878 Vitta
903 840 1037 881 media
1064 841 1264 894 segmenti
1294 840 1565 883 abdominalis
1592 840 1760 881 secundi
1788 841 1929 890 latior,
1956 845 2053 882 ante

439 906 664 960 marginem
693 905 897 959 posticum
941 906 984 946 in
1025 905 1187 947 fascIam
1225 911 1496 949 transversam
1535 906 1698 947 dilatata
1736 910 1778 947 et
1806 919 1899 947 cum
1927 906 2052 948 limbo

440 972 556 1025 nigro
587 971 778 1026 marginis
808 970 985 1012 lateralis
1015 972 1248 1025 conjuncta.
1306 972 1421 1014 Vitta
1443 977 1528 1014 atra
1550 972 1749 1027 segmenti
1770 972 1903 1025 quarti
1922 971 2052 1013 multo

439 1036 562 1077 latior
591 1049 710 1090 quam
740 1037 782 1078 in
816 1049 947 1086 mare,
982 1038 1141 1091 postice
1175 1039 1216 1079 in
1254 1038 1420 1080 fasciam
1454 1052 1585 1092 usque
1620 1038 1669 1078 ad
1697 1038 1826 1079 latera
1855 1038 2053 1092 segmenti

442 1102 608 1143 ductam
632 1103 820 1153 dilatata,
848 1103 972 1143 fascia
993 1103 1122 1144 nitida
1144 1103 1261 1158 hujus
1276 1105 1473 1158 segmenti
1491 1109 1557 1145 ter
1575 1104 1801 1158 interrupta
1830 1107 1902 1151 cst,
1930 1104 2053 1144 itaut.

439 1168 484 1209 in
513 1167 648 1209 medio
675 1172 887 1223 segmento
925 1167 1115 1209 fasciolae
1151 1169 1255 1209 duae
1290 1169 1556 1210 abbreviatae
1585 1174 1626 1210 et
1652 1169 1693 1209 in
1726 1172 1900 1222 utroque
1928 1169 2054 1217 latere

440 1232 600 1275 macula
643 1233 843 1289 triangula
885 1235 1020 1275 nitore
1061 1234 1237 1290 insignes
1274 1235 1591 1290 conspiciantur.
1654 1234 1796 1276 Fascia
1831 1234 1959 1275 nitida
1992 1247 2054 1275 se·

440 1301 599 1355 gmenti
628 1300 760 1353 quarti
796 1299 919 1355 paulo
950 1299 1084 1350 latior,
1110 1300 1181 1341 sed
1211 1302 1421 1356 angustius
1449 1301 1679 1355 interrupta
1708 1312 1831 1354 quam
1860 1300 1900 1340 in
1929 1313 2052 1342 mare.

441 1364 709 1420 Segmentum
737 1367 927 1420 quintum
965 1366 1161 1416 nitidum,
1197 1366 1359 1421 nigrum
1397 1366 1461 1407 vel
1488 1366 1662 1422 piceum.
1719 1365 1891 1420 Reliqua
1920 1366 2052 1407 omnia

442 1436 489 1473 ut
516 1433 557 1472 in
589 1444 710 1473 mare.
741 1453 795 1462 —
826 1430 980 1483 (Cuba3
1011 1432 1263 1483 Gundlach.)

497 1495 638 1539 Nota.
694 1497 810 1538 Hanc
837 1499 1014 1551 speciem
1036 1498 1262 1552 Macquarti
1281 1497 1440 1539 Eristal.
1469 1498 1689 1538 cubensem
1717 1510 1804 1539 esse
1832 1496 2053 1546 crederem,

552 1562 631 1604 nisi
659 1564 838 1605 frontem
866 1564 1074 1605 foeminae
1102 1565 1196 1618 pilis
1223 1563 1509 1605 ssavicantibus
1544 1563 1734 1605 vestitam
1766 1576 1853 1604 esse
1881 1562 2052 1614 diceret,

550 1629 707 1684 species
735 1631 844 1671 enim
875 1634 1013 1671 nostra
1042 1630 1220 1672 frontem
1251 1635 1383 1671 totam
1415 1629 1723 1685 nigro-pilosam
1754 1628 1887 1670 habet.

552 1749 621 1790 62.
650 1750 903 1791 Eri-stalis
932 1755 1220 1792 animemus
1249 1763 1346 1791 nov·
1375 1764 1434 1806 sp.
1466 1748 1511 1795 Ω.
1569 1749 1729 1805 Niger3
1745 1748 1879 1805 from
1903 1751 2055 1804 polle'ne

442 1817 661 1857 latescente
689 1831 873 1870 aspersa,
900 1818 1196 1872 nigro-piloso,
1230 1820 1338 1857 υἱιιά
1366 1818 1453 1857 laid
1487 1819 1634 1871 nigra,
1667 1821 1870 1856 antoniae
1895 1822 2054 1872 nigrae,

442 1882 533 1924 aeid
560 1882 694 1932 nudd3
727 1896 875 1938 unas-go
909 1884 1092 1923 thoracis
1120 1887 1283 1923 anticus
1310 1883 1659 1932 subcinerascem,
1678 1882 1829 1935 sascs'a
1854 1884 2055 1924 aulai-alis

443 1955 481 1990 el
509 1944 691 2004 &trigulo
717 1954 910 2004 utrinque
937 1948 1099 2003 obliqua
1111 1949 1410 2004 flavescentes,
1443 1949 1522 2003 pili
1549 1949 1595 1987 in
1623 1952 1827 1988 anteriore
1855 1948 1969 1989 dorsa·
1995 1949 2055 1989 da·-

442 2015 568 2056 midio
581 2014 710 2069 flavi,
739 2016 784 2055 in
810 2020 1039 2068 posteriore
1065 2020 1200 2070 nigri,
1234 2016 1417 2055 maculae
1454 2016 1560 2055 dinae
1593 2014 1886 2068 subconliguae
1921 2020 1965 2055 in
1991 2029 2054 2055 se-

439 2087 607 2138 gmento
634 2082 812 2121 secundo
826 2081 1214 2135 flavo-ochrnceoe3
1250 2086 1460 2135 margines
1493 2088 1794 2136 segmenlorum
1821 2080 2055 2121 abdomina-

442 2149 542 2190 ls‘um
569 2148 750 2197 secundi,
778 2152 894 2187 tertis·
922 2154 961 2188 et
981 2153 1120 2204 quarti
1134 2148 1268 2203 flam}
1297 2147 1390 2188 alae
1409 2148 1793 2201 cinereo-hyalinoe,
1821 2152 1932 2187 venia
1951 2148 2056 2188 disca·

443 2215 578 2255 colore
612 2214 739 2254 duale
773 2213 970 2269 subfusco
1005 2214 1283 2270 circumfusis.
1330 2234 1381 2242 —
1426 2212 1553 2268 Long.
1584 2226 1695 2269 corp.
1724 2214 1781 2266 4-1-
1808 2212 1893 2264 lin.‚
1926 2212 2054 2269 Long.

443 2280 495 2322 al.
523 2281 579 2333 33-
609 2279 679 2320 lin.

552 2356 693 2411 Niger,
721 2369 886 2411 opacus.
961 2357 1120 2398 Frontis
1150 2358 1252 2398 vitta
1284 2356 1417 2398 media
1445 2357 1572 2410 nigra,
1597 2355 1695 2407 lata,
1725 2358 1895 2412 integra,
1924 2358 2056 2411 nigro·-

443 2422 588 2479 pilosa‚
616 2422 742 2463 latera
770 2422 925 2477 polline
953 2422 1180 2464 lutescente
1209 2422 1372 2464 obtecta
1390 2427 1431 2463 et
1451 2422 1544 2476 pilis
1565 2421 1723 2477 pallidis
1742 2422 1904 2463 vestita.
1933 2423 2057 2465 Oculi

367 2495 373 2506 ³
444 2489 556 2531 hirti.
614 2489 829 2530 Antennae
857 2489 1011 2543 nigrae,
1040 2489 1124 2529 seta
1145 2488 1269 2538 nuda,
1298 2487 1559 2543 nigro-fusca.
1616 2487 1772 2538 Facies,
1801 2493 1962 2543 praeter
1980 2491 2056 2531 vit-

442 2561 526 2597 tam
555 2555 733 2597 mediam
761 2559 804 2595 et
835 2555 1029 2609 utrinque
1057 2567 1250 2609 genarum
1280 2554 1427 2595 vittam
1457 2556 1615 2609 nigras,
1643 2553 1737 2595 albo
1758 2554 1984 2609 -pollinosa
2013 2560 2058 2597 et

444 2621 700 2678 albo-pilosa.
756 2621 952 2662 Thoracis
981 2622 1147 2662 dorsum
1181 2620 1403 2675 marginem
1432 2621 1611 2661 anticum
1640 2620 1972 2673 cineramntem,
2001 2623 2057 2663 fa-

443 2689 568 2731 sciam
599 2701 697 2729 vero
724 2688 946 2729 suturalem
976 2687 1026 2729 et'
1048 2688 1239 2741 utrinque
1266 2686 1477 2741 strigulam
1508 2685 1558 2727 ab
1588 2685 1673 2728 alae
1702 2686 1787 2727 basi
1806 2687 1972 2741 oblique
1991 2689 2057 2730 ad-

445 2768 584 2797 versus
613 2755 834 2810 marginem
862 2755 1067 2809 posticum
1095 2754 1258 2794 ductam
1292 2753 1539 2794 lutescentes
1568 2752 1709 2803 habet3
1746 2752 1959 2795 dimidium
1987 2768 2053 2795 an-

445 2822 570 2863 terius
601 2820 710 2862 dorsi
726 2820 1047 2876 flavo-pilosum,
1077 2819 1278 2874 posterius
1298 2819 1624 2874 nigro-pilosum.
1681 2819 1912 2861 Scutellum
1934 2821 2057 2862 ssavo-

447 2886 715 2938 ochraceum,
751 2887 844 2942 pilis
874 2886 1078 2941 plerisque
1105 2886 1242 2935 flavis,
1277 2885 1444 2940 reliquis
1472 2886 1610 2941 nigris.
1667 2886 1849 2926 Primum
1878 2885 2058 2928 abdomi-

446 2953 509 2994 nis
535 2958 789 3009 segmentum
820 2953 995 3007 nigrnm,
1024 2952 1180 3007 angulis
1209 2951 1446 2994 lateralibus
1482 2952 1609 2993 ssavis.
1683 2952 1731 2993 In
1760 2957 1970 3007 segmento
1998 2967 2058 2995 se·

446 3019 579 3062 cundo
611 3019 794 3062 maculae
823 3018 926 3061 duae
954 3019 1098 3070 flavae,
1126 3023 1358 3061 transverse
1387 3023 1546 3069 ovatae,
1577 3018 1747 3074 margini
1767 3017 1903 3061 antico
1932 3033 2054 3075 oppo-
