2616 3568
0 1729 165 1770 »osticae

9 1795 163 1836 conser-

0 1860 164 1902 {bdomi-

0 1939 80 1968 are.
111 1949 165 1958 —

2 2113 166 2153 lior-aeis

0 2185 166 2233 praeter

0 2246 164 2286 imitem-

0 2311 167 2353 mbmor-

0 2391 86 2433 ong.
116 2375 167 2419 al.

0 2525 33 2563 te
53 2533 166 2572 prae-

0 2588 168 2643 =⁰·¹·isr⁸

0 2668 8 2695 ι
37 2653 169 2695 badiis

0 2718 168 2760 itiusm-

2 2797 46 2835 a,
75 2784 167 2840 pilis

0 2851 80 2893 scis
107 2851 167 2892 ni·

0 2921 166 2959 -tomen-

0 2987 166 3039 pectore

0 3062 167 3103 rumque

967 298 1001 337 ,⁴
1007 304 1178 339 merim·
1206 299 1551 353 septentrionalis.
1980 297 2058 340 147

445 410 606 461 praeter
641 405 769 448 basim
809 407 943 461 nigris.
1004 406 1257 450 Metanotuin
1297 408 1479 464 nigrum,
1519 407 1712 450 lateribus
1751 411 1884 449 tsmen
1923 406 2054 449 luteis.

444 471 661 514 Abdomen
700 471 884 527 nigrum,
928 472 1060 515 limbis
1105 473 1341 516 lateralibus
1378 473 1470 516 latis
1507 477 1548 516 et
1583 472 1770 529 repandis
1807 472 2056 527 maculisque

443 537 658 593 triangulis
688 537 862 588 duabus,
901 539 1025 581 attera
1063 540 1103 581 in
1132 541 1332 595 segmenti
1361 541 1518 594 quarti,
1553 540 1678 582 attera
1709 540 1750 581 in
1779 540 1912 594 quinti
1942 539 2056 595 apice

439 603 539 653 sitis,
559 603 878 654 tute-contiuua
904 605 1125 661 specimina
1145 607 1361 648 immaturo
1382 606 1585 648 abdomen
1605 605 1688 648 t‘ere
1709 609 1842 647 totum
1863 618 1916 647 ex
1941 603 2055 646 fusco

440 669 608 719 luteum,
640 669 788 712 limbos
819 675 952 714 tamen
983 671 1168 713 laterales
1207 672 1465 726 maculasque
1504 672 1724 726 triangulas
1751 674 2054 726 segmentorum

438 736 572 791 quarti
604 741 642 778 et
675 737 807 791 quinti
840 737 1008 778 dilutius
1037 737 1283 780 lutescentes
1306 738 1466 780 liabent.
1519 736 1670 779 Venter
1690 737 1819 779 ‹litute
1839 737 2055 786 lulescens,

438 801 551 843 vittis
581 802 737 844 duabus
769 803 1000 845 lateralibus
1033 804 1234 845 latissimis
1264 804 1397 846 fuscis.
1472 803 1600 845 Pedes
1629 802 1753 851 lutei,
1780 804 1899 845 tarsis
1927 803 2053 860 posti-

439 868 496 909 cis
525 867 768 924 plerumque
798 868 881 910 fere
910 870 1009 910 totis
1039 871 1213 911 obscuro
1242 869 1384 918 fuscis,
1422 869 1643 911 femoribus
1674 870 1967 924 posterioribus
1996 869 2053 910 in-

439 934 600 976 terdum
631 934 969 977 fusco-lituratis.
1029 935 1130 977 Aloe
1158 935 1443 990 subbyulinae‚
1474 935 1618 976 leviter
1648 935 1912 985 lutescentes‚
1941 934 2054 976 venis

439 1000 702 1042 validioribus
732 1000 866 1051 luteis,
895 1001 1180 1057 longitudinali
1213 1003 1335 1043 tun-tia
1354 1001 1542 1057 simplici.
1572 1000 1723 1043 cenum
1745 1000 1956 1043 diseridali
1985 1013 2052 1042 ve-

438 1078 507 1107 nas
551 1067 651 1107 duas
695 1067 920 1109 emittente.
965 1089 1018 1098 —
1064 1067 1406 1119 (Massacttusetu
1456 1066 1656 1109 Sanboru.
1690 1089 1741 1097 —
1772 1066 1877 1109 New
1914 1065 2051 1117 York3

438 1131 666 1188 Calverly.)

492 1197 630 1240 Nota.
690 1197 901 1240 Postrema
931 1199 1013 1241 ‹luo
1041 1202 1250 1254 segmenta
1282 1198 1394 1239 tertii
1413 1203 1683 1240 antennarum
1713 1198 1873 1240 articuli
1903 1198 1945 1239 in
1977 1198 2052 1239 boc

545 1265 683 1321 specie
709 1265 866 1321 stylum
893 1266 991 1307 satis
1020 1269 1187 1306 acutum
1217 1265 1408 1314 formant,
1437 1268 1484 1304 ut
1513 1264 1722 1306 fatendum
1752 1266 1825 1314 sit,
1855 1270 2053 1306 antennas

544 1332 633 1385 ejus
662 1345 744 1373 non
774 1331 990 1373 dissimiles
1010 1345 1095 1373 esse
1115 1331 1432 1372 Clitellariarum
1462 1331 1664 1381 antennis,
1694 1332 1764 1372 sed
1793 1344 1988 1373 venarum
2008 1331 2050 1372 in

543 1398 619 1439 alis
648 1398 842 1440 decursus
870 1397 965 1439 huic
991 1397 1139 1453 speciei
1169 1397 1305 1438 locum
1343 1396 1480 1438 deberi
1515 1396 1623 1437 inter
1651 1396 1956 1452 odontomyiss
1985 1397 2050 1440 (ie-

545 1468 756 1505 monstrat.
822 1463 1002 1506 Eandem
1031 1477 1198 1519 prorsus
1228 1476 1312 1504 rem
1348 1463 1390 1504 in
1419 1460 1701 1517 compluribus
1740 1462 1829 1504 aliis
1860 1462 2049 1506 odanto-

545 1531 669 1586 myiis
712 1531 916 1580 videmus,
960 1530 1091 1585 quatis
1135 1531 1243 1571 iuter
1287 1541 1509 1584 europaeas
1544 1526 1826 1582 Odontomyia
1872 1529 2052 1578 titubata,

544 1598 657 1652 cujus
686 1597 903 1638 foeminam
934 1596 1169 1650 Meigenius,
1202 1596 1276 1636 hac
1302 1594 1497 1650 singulari
1527 1598 1795 1635 antennarum
1823 1594 1957 1637 forma
1984 1595 2050 1638 de-

542 1667 699 1718 ceptus,
729 1662 896 1703 nomine
923 1674 1035 1702 novo
1063 1661 1314 1704 Clitellariae
1343 1659 1539 1715 pacificae
1568 1660 1793 1715 descripsit.

544 1785 612 1825 29.
644 1784 942 1824 clitellaria
969 1783 1207 1823 subulam
1237 1797 1331 1824 nov.
1350 1797 1410 1837 sp.
1441 1778 1496 1827 0⁷¹.
1555 1781 1714 1836 Nigra,
1744 1782 1927 1823 ‹tene-'bus
1955 1797 2049 1824 seu-

436 1852 521 1891 tetta·
548 1850 847 1905 bullen-ibusque
864 1849 981 1897 albis,
1009 1853 1138 1889 tarsis
1155 1849 1314 1903 fuscis,
1341 1850 1488 1901 primis
1507 1847 1660 1888 duobus
1686 1853 1960 1901 posteriorum
1977 1864 2049 1889 ar-

435 1918 574 1958 ticulis
612 1916 782 1966 albidi-s,-
817 1916 906 1957 atae
942 1916 1152 1969 hyalinoe,
1189 1915 1360 1955 dimidio
1395 1913 1549 1967 apicula·
1584 1914 1818 1969 infuscata,
1855 1916 2051 1957 adven-m

435 1987 662 2039 marginem
687 1985 891 2037 posticum
920 1982 1126 2031 dilutiore,
1155 1981 1309 2022 cottum
1327 1980 1699 2036 subnnarginotibus
1717 1981 1976 2035 subhyulinis.
1995 2005 2050 2013 --

437 2048 562 2105 Long.
594 2062 708 2104 corp.
736 2050 792 2103 33-
822 2049 906 2098 tiu„
935 2047 1062 2103 Long.
1093 2047 1143 2088 al.
1175 2048 1229 2100 3÷
1259 2047 1328 2087 lin.

542 2125 650 2167 Tota
689 2126 823 2180 nigra,
859 2125 1018 2166 modice
1053 2126 1199 2166 nitens.
1259 2123 1395 2177 Caput
1423 2124 1641 2173 concolor3
1680 2129 1882 2167 antennae
1916 2127 2049 2181 nigro-

436 2193 583 2243 snscac,
613 2192 699 2234 basi
731 2196 773 2232 et
802 2191 913 2246 stylo
944 2191 1185 2232 nudiusculo
1215 2191 1318 2245 nigr'
1352 2188 1383 2241 ς’
1397 2190 1509 2231 frons
1538 2194 1579 2230 et
1607 2192 1730 2232 facies
1759 2191 2048 2247 albo-pilosam

435 2259 543 2315 palpi
572 2260 698 2313 nigri3
725 2257 834 2298 oculi
862 2257 953 2313 pilis
985 2257 1201 2306 consertis,
1230 2258 1270 2297 in
1302 2204 1385 2297 §io
1415 2256 1570 2298 lumine
1600 2257 1748 2312 nigris,
1778 2258 1818 2297 in
1849 2257 1931 2298 alio
1958 2257 2049 2299 sub-

434 2325 553 2366 fuscis
581 2325 732 2373 vestiti,
762 2324 917 2377 postice
946 2327 989 2364 ct.
1016 2323 1120 2364 intra
1151 2323 1441 2377 ulbido-pitosi.
1505 2322 1579 2363 Pili
1602 2323 1705 2376 nigri
1729 2324 1890 2365 verticis
1919 2329 1960 2364 et
1991 2325 2049 2365 ni-

435 2393 634 2447 gricantes
661 2389 838 2429 thoracis
867 2388 1021 2429 lumine
1051 2393 1209 2430 mutato
1231 2390 1411 2430 colorem
1434 2393 1607 2436 mutant,
1638 2389 1697 2429 illi
1728 2390 1767 2429 in
1796 2390 2047 2440 subfuscum,

435 2458 475 2498 hi
507 2459 546 2498 in
576 2456 928 2498 fusco-cinereum.
989 2454 1126 2496 Villae
1146 2455 1562 2495 albida-tomentosae
1591 2455 1771 2496 thoracis
1800 2456 1904 2497 duae
1933 2456 2049 2498 obso-

435 2524 662 2564 letissimae.
738 2520 910 2562 Scutelli
949 2521 1019 2576 pili
1057 2534 1181 2574 quam
1217 2521 1397 2561 thoracis
1432 2520 1559 2577 paulo
1597 2523 1870 2566 obscuriores.
1905 2523 2050 2566 dentes

436 2589 660 2633 mediocres
687 2587 827 2637 albidi,
854 2587 1170 2642 albido-pilosi.
1244 2587 1456 2628 Abdomen
1488 2587 1623 2636 breve,
1652 2589 1976 2641 subrotundum3
2007 2592 2048 2632 in

434 2656 650 2712 segmentis
678 2655 803 2695 tertio
834 2659 874 2695 ct
902 2657 1048 2710 quarto
1079 2654 1207 2708 pubes
1243 2653 1379 2694 athida
1417 2653 1596 2695 maculas
1632 2654 1815 2696 laterales
1844 2660 2049 2698 transver-

434 2735 496 2764 sas
524 2721 673 2773 efficit3
710 2726 917 2776 praeterea
955 2720 1110 2760 macula
1151 2720 1326 2768 minuta,
1364 2720 1405 2759 in
1443 2721 1622 2774 margine
1660 2721 1819 2776 postico
1848 2726 2048 2777 segmenti

436 2789 545 2830 tertii
573 2788 666 2837 sita,
696 2791 738 2827 et
771 2787 924 2828 macula
956 2799 1173 2841 permagna
1195 2786 1409 2841 triangula,
1440 2786 1537 2827 inde
1565 2800 1587 2827 a
1616 2788 1797 2841 margine
1824 2790 1961 2830 antico
1988 2804 2048 2831 se·

435 2856 586 2909 gmenti
623 2855 757 2908 quarti
799 2854 850 2894 ad
886 2853 1085 2908 posticum
1124 2866 1253 2906 usque
1289 2854 1521 2907 pertinens,
1564 2853 1669 2908 pube
1707 2853 1799 2895 atha
1827 2856 2049 2898 instructae

435 2925 546 2970 sunt:¹
575 2924 830 2975 segmentum
860 2920 1046 2973 quintum
1079 2923 1210 2959 totum
1233 2918 1588 2974 albo-pubescens.
1648 2919 1802 2960 Venter
1830 2920 1958 2975 niger,
1988 2926 2049 2963 to·

436 2991 500 3028 tus
529 2987 639 3042 pube
667 2986 900 3028 brevissima
929 2984 1021 3026 alba
1048 2999 1246 3040 aspersus.
1305 2985 1434 3027 Pedes
1457 2987 1574 3040 nigri,
1602 2985 1836 3027 brevissime
1865 2985 2049 3042 albo-pu-

437 3054 664 3100 bescentes,
701 3052 869 3107 genibus
898 3057 937 3093 ct
968 3057 1155 3093 extremo
1193 3051 1381 3092 tibiarum
1418 3052 1533 3107 apice.
1561 3051 1724 3093 sordide
1752 3053 1956 3095 exalbidis
1985 3055 2048 3096 vel
