2368 3584
475 279 553 322 llo
1063 279 1117 321 ΙΙ.
1149 281 1286 321 Loew:
1318 278 1498 335 Diptem

470 390 597 433 basim
627 405 767 433 versus
796 391 913 432 flava.
972 390 1185 433 Abdomen
1208 391 1501 446 fusco-nigrum
1524 397 1564 434 et
1585 392 1733 438 nitens.
1764 397 1948 434 extremo
1968 394 2082 449 apice

470 457 712 513 plerumque
742 456 982 507 rarescente,
1012 463 1056 500 ut
1087 459 1126 499 in
1157 459 1449 514 speciminibus
1483 458 1644 501 detritis
1675 460 1889 514 catorum·
1918 459 2080 514 (Dipte-

469 524 610 577 eoxae)
639 525 895 565 versicoloris
925 538 1004 566 non
1036 538 1128 566 raro
1158 525 1415 567 observatur.
1447 547 1499 555 —
1530 524 1702 578 (Texas,
1736 525 1951 581 Belt'rago.)

580 647 648 689 98.
677 646 1299 702 Gheoropa(1)iplotoxa)
1328 653 1624 704 nigricans,
1656 661 1749 688 nov.
1774 652 1893 702 ‘'P-d*
1912 652 2074 702 ets)..—

471 715 627 770 Nigra,
656 715 718 755 ve!
735 714 1024 769 ns'wvco-m'grn,
1056 716 1236 755 thoracis
1265 716 1387 756 dorso
1416 715 1812 768 cinereo-pollinam,
1838 715 2003 768 pedibus
2018 716 2081 765 fu-

469 787 565 831 scis,
594 782 718 821 toreio
745 789 1018 822 antennarum
1050 782 1228 822 articulo
1263 783 1432 832 lineari,
1466 783 1544 822 ates
1572 787 1732 836 nigro·
1749 783 1939 831 einer-eis,
1970 789 2081 824 venis

470 848 835 904 longitudcnalibm
863 849 1041 890 secunda
1070 855 1108 889 ee
1140 855 1262 892 tertia
1291 851 1489 891 levissime
1517 853 1713 890 arcuatis.
1737 871 1789 878 —
1812 846 1937 904 Long.
1970 862 2080 904 corp.

474 917 524 969 l}
541 937 593 945 ——
613 916 693 967 13⁸,
712 914 793 966 lin.,
824 915 932 971 long.
960 915 1008 956 al.
1045 915 1094 969 13-
1118 915 1187 957 lin.

582 993 765 1048 Reliquis
792 995 1003 1050 speciebus
1033 993 1238 1048 gracilior,
1268 994 1380 1047 nigra
1412 993 1477 1034 vel
1506 992 1775 1048 fusco-nigra.·
1824 991 1958 1048 Caput
1988 1006 2079 1034 con-

471 1060 597 1110 color,
627 1059 771 1101 l'rontis
801 1060 949 1102 triente
978 1061 1114 1101 antico
1144 1065 1184 1102 et
1215 1060 1360 1102 viltula
1395 1060 1512 1101 faciei
1550 1060 1654 1101 infra
1685 1059 1918 1101 abbreviata
1948 1060 2080 1102 luteis.

470 1127 611 1169 Facies
653 1125 1015 1182 albo-pollinesa,
1059 1127 1249 1170 adversus
1286 1127 1367 1168 oris
1404 1131 1639 1183 aperturam
1678 1125 1838 1167 modice
1874 1128 2080 1169 recedens.

470 1193 735 1249 Trianguz’um
766 1193 959 1235 vertical‹-·:
988 1198 1142 1244 atrum,
1186 1194 1376 1244 nitidum,
1420 1192 1713 1247 majusculum,
1748 1206 1924 1248 superne
1953 1193 2082 1236 oculis

471 1262 729 1316 contiguum,
762 1259 954 1301 lateribus
984 1261 1202 1312 convexis,
1240 1262 1297 1302 ita
1335 1266 1380 1302 ut
1414 1262 1547 1303 antice
1575 1259 1849 1301 subobtusum
1877 1260 1941 1301 sit.
2003 1262 2081 1302 An-

473 1334 619 1370 tennae
649 1327 925 1382 longissimam
957 1328 1119 1369 articuli
1151 1327 1230 1369 duo
1252 1328 1369 1383 primi
1391 1328 1549 1379 breves,
1578 1327 1695 1375 susci,
1725 1325 1919 1368 lateribus
1940 1328 2081 1368 adver-

470 1397 523 1437 sis
552 1394 793 1451 plerumque
823 1396 919 1436 totis
949 1394 1063 1444 rufis,
1099 1394 1293 1436 articulus
1332 1394 1477 1436 tertius
1508 1395 1608 1435 mire
1638 1393 1873 1447 elongatus,
1905 1393 2081 1443 linearis,

472 1463 596 1518 niger.
626 1462 709 1503 basi
740 1465 875 1503 tamen
906 1461 1018 1511 ιὐῐῆς
1048 1465 1133 1503 seta
1153 1461 1257 1511 alba,
1287 1460 1412 1502 basim
1434 1474 1574 1502 versus
1595 1460 1717 1502 lutea.
1776 1459 1969 1502 Thoracis
1990 1461 2080 1501 dor-

471 1542 560 1570 sum
598 1533 637 1569 et
674 1528 892 1569 scutellum
933 1528 1083 1584 polline
1119 1529 1308 1570 exalbido
1346 1528 1637 1579 cinerasentia,
1675 1527 1780 1569 vitta
1814 1527 2082 1569 medianum

472 1596 666 1637 adversus
710 1595 934 1649 marginem
978 1596 1159 1637 anticum
1204 1596 1336 1637 minus
1375 1595 1577 1650 pollinosii
1614 1599 1654 1636 et
1698 1595 1916 1635 satus-atius
1952 1594 2081 1648 nigrfi,

475 1662 587 1703 vittis
619 1660 852 1703 lateralibus
883 1662 1001 1718 plane
1030 1661 1237 1704 obsoletis.
1296 1660 1424 1704 Pedes
1453 1661 1577 1713 fusci,
1613 1663 1728 1703 coxis
1757 1661 1925 1711 anticis,
1954 1661 2080 1702 femo-

473 1728 583 1770 ribus
613 1727 883 1770 anterioribus
923 1734 1202 1783 tarsorumque
1237 1729 1419 1770 omnium
1458 1728 1540 1770 basi
1579 1730 1716 1771 colore
1753 1729 1879 1783 magis
1906 1729 1946 1769 iu
1977 1726 2082 1769 ruso·

474 1800 694 1838 testaceum
726 1801 921 1849 vergente
951 1796 1100 1844 tinctis,
1128 1796 1239 1837 tibiis
1267 1796 1426 1846 antitis,
1455 1798 1573 1838 tarsis
1602 1797 1748 1838 anticis
1772 1795 1871 1837 totis
1899 1794 2083 1850 reliquis-

473 1875 552 1916 que
582 1866 743 1916 praeter
773 1862 898 1903 basim
931 1863 1244 1917 nigricantibus;
1281 1863 1436 1904 femora
1466 1864 1620 1918 postica
1651 1877 1771 1920 quam
1804 1863 1844 1903 in
1874 1862 2084 1917 speciebus

472 1929 640 1982 reliquis
669 1928 876 1970 crassiora.
938 1929 1119 1972 Halteres
1147 1929 1242 1978 albi,
1275 1929 1504 1985 pedunculo
1535 1930 1774 1985 nigricante.
1837 1929 1934 1971 Alae
1954 1930 2084 1983 nigro-

472 1997 677 2044 cinercae,
707 1994 821 2035 venis
853 1996 1148 2049 nigro-fuscis,
1180 1996 1471 2047 valicliusculis,
1501 1996 1646 2037 ultimo
1676 2001 1845 2050 quartae
1873 2000 2084 2050 segmento

475 2063 679 2112 tenuiore,
708 2075 837 2103 venae
868 2062 1182 2115 longitudinales
1211 2064 1389 2105 secunda
1428 2068 1469 2104 et
1506 2064 1626 2104 tertia
1664 2063 1810 2104 leviter
1839 2067 1996 2104 tantum
2027 2076 2084 2103 ar-

474 2135 635 2180 cuatae,
678 2129 798 2170 tertia
844 2133 884 2169 et
923 2134 1064 2184 quarta
1098 2130 1254 2184 apicem
1286 2143 1424 2171 versus
1456 2130 1571 2172 valde
1602 2130 1879 2184 divergentes;
1918 2129 2086 2172 venulae

473 2195 761 2238 transversales
790 2196 1011 2237 admodum
1040 2197 1360 2252 approximatae.
1392 2219 1442 2226 —
1474 2196 1644 2249 (Texas;
1678 2195 1894 2251 Bell'rage.)

584 2262 728 2305 Nota.
788 2262 897 2304 Haec
934 2264 1087 2318 species
1123 2263 1174 2304 ad
1214 2264 1504 2318 Ecteeeplmtae
1547 2263 1719 2320 figuram
1756 2277 1882 2319 prope
1917 2263 2087 2312 accedit,

473 2332 542 2374 sed
573 2330 738 2386 reliquis
768 2332 874 2371 notis
904 2330 1110 2386 plerisque
1140 2343 1230 2371 cum
1263 2331 1504 2384 Diplotoxe's
1532 2332 1741 2386 congruit,
1770 2332 1826 2372 ita
1857 2335 1900 2372 ut
1930 2331 1992 2372 his
2021 2329 2086 2370 ad·

475 2397 725 2440 numeranda
755 2397 830 2447 sit,
865 2399 1052 2451 quamvis
1084 2397 1206 2439 lertio
1236 2402 1504 2439 antennarum
1533 2399 1708 2440 articulo
1738 2399 1856 2441 valde
1884 2398 2088 2453 elongato.

476 2491 527 2497 —
560 2465 811 2519 Diptocooeae
839 2464 972 2505 adbuc
1002 2464 1188 2519 cognitae
1219 2469 1313 2520 apte
1345 2465 1384 2505 in
1416 2471 1498 2506 tres
1521 2467 1649 2508 tribus
1671 2465 1933 2516 dividuntur,
1961 2465 2087 2505 tribus

475 2533 602 2588 prima
634 2532 887 2585 Diptoloxas
919 2533 1162 2581 Gundtache',
1192 2532 1453 2583 confluentem
1492 2537 1532 2574 et
1561 2538 1826 2574 mter-aceram
1855 2530 2087 2588 complecti-

475 2603 562 2650 tur,
598 2612 704 2653 quac
743 2600 909 2641 tertium
945 2605 1212 2641 antennarum
1241 2599 1459 2641 articulum
1496 2601 1720 2641 rotundum
1751 2599 1923 2649 habent,
1962 2598 2088 2639 tribus

474 2666 650 2708 secunda
683 2666 938 2721 Diptotoxas
966 2667 1245 2707 versicolorem
1274 2671 1315 2709 et
1341 2667 1667 2721 μυΙοΙυ-ἱρεὰοηι,
1697 2668 1737 2708 in
1768 2667 1916 2723 quibus
1945 2669 2088 2706 ovatus

476 2739 550 2785 est,
581 2735 785 2783 continet,
823 2735 1076 2789 Diptotoxae
1105 2735 1312 2775 alternata
1342 2739 1381 2775 et
1415 2739 1652 2789 nigricans,
1688 2746 1859 2789 quarum
1889 2737 2089 2774 antennae

475 2800 647 2842 articulo
692 2801 816 2842 tertio
859 2801 1051 2855 elongato
1095 2803 1317 2844 instructae
1360 2806 1476 2851 sunt,
1524 2802 1680 2843 tribum
1727 2801 1891 2842 tertiam
1937 2798 2088 2842 consti-

477 2871 611 2909 tuunt.
