2448 3600
529 245 582 286 '72
1114 243 1166 284 ΙΙ.
1200 244 1335 282 Loew:
1370 243 1547 295 Diplero

531 356 652 399 unica
682 356 810 411 nigra.
841 368 931 396 raro
951 353 1043 395 alba
1065 354 1297 394 instructus.
1356 352 1435 394 Pili
1456 354 1496 394 in
1517 353 1744 395 abdominis
1764 353 1886 394 dorso
1908 354 2146 398 brevissimi.

532 423 634 478 nigri
647 453 657 474 ,.
702 423 796 465 inde
826 435 846 462 a
879 421 1057 475 margine
1089 420 1245 474 postico
1274 421 1471 475 segmenti
1502 420 1633 474 quinti
1665 419 1913 469 fulvo-rufi,
1951 421 1990 461 in
2022 422 2148 477 hypo·

533 490 659 545 pygio
690 488 913 544 majusculo
944 487 1147 542 longiores
1178 492 1219 527 et
1239 487 1469 538 dilutiores3
1500 487 1700 541 margines
1719 485 1907 527 laterales
1927 486 2148 530 abdominis

534 556 625 612 pilis
654 557 784 611 longis
814 555 914 595 albis
945 554 1007 596 vel
1038 553 1281 595 dilutissimc
1312 553 1683 595 sublutescentibus
1714 554 1958 602 vestiuntur,
1988 556 2056 610 qui
2087 557 2149 597 ad-

536 637 674 664 versus
711 624 865 678 apicem
902 622 1128 663 abdominis
1164 620 1281 661 valde
1318 621 1559 662 decrescunt
1588 625 1626 660 et
1666 621 1844 663 colorem
1883 621 2081 675 pallidum
2112 624 2148 663 in

535 689 817 731 ruso-fulvum
857 693 1027 729 mutant.
1090 686 1242 729 Venter
1273 688 1477 735 cinereus,
1515 687 1605 741 pilis
1636 687 1764 743 longis
1794 688 1938 729 albidis
1968 690 2148 731 vestitus.

537 757 702 797 Femora
742 760 849 804 atra,
890 756 1069 795 breviter
1106 753 1409 810 nigro-pilosa,
1445 756 1487 796 in
1523 753 1605 795 basi
1636 756 1846 809 utrinque,
1882 756 1984 797 inl'ra
2018 761 2149 797 tamen

538 823 656 864 latius
695 823 788 878 pilis
825 821 954 876 longis
992 820 1093 862 albis
1125 821 1250 870 hirta,
1288 822 1586 875 nigro-setosa,
1625 822 1864 863 intermedia
1895 823 1994 863 infra
2028 837 2151 878 prope

536 890 694 945 apicem
726 889 819 945 pilis
849 888 1037 929 consertis
1070 888 1193 941 nigris
1224 887 1397 929 barbata.
1453 887 1594 930 Tibiae
1623 887 1763 930 badiae
1794 889 1858 929 vel
1888 888 2151 938 ruso-badiae,

535 960 722 998 extremo
765 956 880 1011 apice
918 956 1101 996 omnium
1141 955 1301 996 modice
1338 956 1554 996 saturatius
1592 956 1739 1007 tincto;
1783 957 1941 996 anticae
1980 955 2152 997 breviter

538 1023 801 1079 albo-pilosae
840 1027 880 1062 «et
915 1023 1241 1076 nigro-setosae,
1284 1022 1382 1062 setis
1420 1025 1579 1070 tamen,
1616 1035 1715 1076 quas
1752 1023 1791 1063 in
1831 1022 1959 1063 latere
1996 1024 2151 1077 postico

536 1095 694 1145 gerunt,
726 1088 914 1130 omnibus
944 1089 1065 1139 albis3
1096 1087 1219 1129 tibiae
1249 1088 1514 1129 intermediae
1543 1088 1822 1143 albo-pilosae,
1852 1093 1946 1129 ante
1978 1089 2151 1130 medium

539 1157 642 1197 inira
679 1155 874 1198 fasciculo
904 1155 1089 1197 conferto
1120 1155 1296 1210 pilorum
1328 1156 1537 1210 nigrorum
1568 1156 1789 1197 instructae
1819 1161 1861 1198 et
1891 1157 1945 1197 ibi
1977 1157 2153 1211 undiquc

539 1222 842 1278 nigro-pilosae,
873 1224 911 1263 in
945 1224 1070 1264 latere
1102 1222 1259 1277 postico
1289 1223 1384 1263 setis
1411 1222 1530 1272 albis,
1560 1222 1599 1262 in
1621 1224 1757 1263 antico
1778 1224 1917 1278 nigris,
1947 1223 2010 1263 vel
2033 1225 2154 1278 nigris

538 1294 579 1331 et
608 1290 709 1330 albis
739 1295 939 1339 armatae,
968 1293 1078 1331 setae
1107 1289 1297 1330 tibiarum
1330 1290 1579 1344 posticarum
1612 1303 1764 1338 omnes,
1795 1290 1866 1345 pili
1899 1291 2072 1331 maxima
2106 1306 2153 1331 ex

540 1361 654 1412 parte
691 1356 794 1412 nigri
834 1361 940 1397 sunt.
999 1356 1113 1397 Tarsi
1151 1356 1259 1397 badii
1295 1357 1360 1396 vel
1391 1356 1637 1406 rufo-badii,
1676 1361 1861 1398 extremo
1892 1357 2154 1398 articulorum

537 1424 787 1478 singulorum
820 1425 934 1478 apice
965 1423 1226 1478 fusco-nigro,
1256 1423 1436 1464 articulis
1467 1423 1621 1464 ultimis
1650 1424 1733 1465 fere
1754 1425 1850 1465 totis
1871 1425 2016 1479 nigris,
2046 1429 2155 1465 setae

544 1496 743 1531 tarsorum
774 1490 927 1544 nigrae,
958 1490 1166 1531 metatarsi
1195 1492 1318 1531 antici
1349 1505 1399 1531 ex
1422 1494 1538 1545 parte
1558 1490 1692 1540 albae3
1722 1491 1793 1546 pili
1814 1496 2013 1531 tan-sorum
2037 1493 2154 1544 nigri,

543 1562 759 1599 metatarso
797 1562 932 1598 tamen
971 1557 1108 1598 antico
1143 1570 1318 1612 superne
1347 1557 1440 1612 pilis
1469 1556 1572 1597 albis
1602 1557 1814 1598 confertim
1845 1560 2006 1599 vestito.
2067 1557 2156 1597 llat-

543 1631 651 1665 teres
691 1624 805 1666 lutei.
865 1625 1029 1665 Alai-um
1067 1623 1278 1665 dimidium
1312 1624 1421 1678 prius
1453 1622 1689 1677 hyalinum,
1725 1624 1803 1665 ima
1835 1624 1919 1664 basi
1951 1638 2077 1679 usque
2108 1625 2154 1664 ad

541 1691 729 1733 venulam
768 1690 1015 1732 humeralem
1053 1692 1187 1746 nigra,
1226 1691 1438 1731 dimidium
1475 1690 1629 1745 apicale
1660 1691 1838 1745 nigrum,
1880 1692 1961 1732 basi
1993 1691 2157 1732 cellulae

542 1759 853 1814 submarginalis
889 1759 1064 1814 primae,
1102 1759 1216 1813 apice
1256 1758 1399 1799 basalis
1438 1758 1592 1812 primae
1622 1761 1661 1798 et
1692 1757 1848 1799 cellulis
1877 1758 2088 1799 discoidali
2118 1764 2158 1799 et

543 1826 836 1880 posterioribus
867 1825 1010 1881 quarta
1040 1830 1080 1866 et
1111 1825 1256 1878 quinta
1286 1825 1414 1865 dilute
1433 1824 1651 1873 subfuscis3
1683 1825 1852 1865 venulae
1874 1825 2157 1866 n·.··nsve1-sates

544 1905 821 1947 venarumque
851 1896 1130 1933 anastomoses
1162 1892 1298 1932 colore
1328 1892 1546 1932 saturatius
1577 1893 1694 1947 nigro
1725 1892 2004 1932 circumfusae.

653 1959 909 2000 Foemina:
959 1959 1057 2000 Mari
1101 1958 1327 2009 simillima,
1373 1959 1444 1999 sed
1488 1959 1645 1999 diversa
1684 1959 1773 2014 pilis
1815 1959 1941 1999 totius
1981 1959 2158 2014 corporis

544 2026 703 2067 modice
741 2025 1017 2075 brevioribus,
1056 2025 1277 2067 femoribus
1315 2026 1568 2066 intermediis
1599 2027 1701 2066 infra
1735 2039 1861 2080 prope
1891 2026 2046 2080 apicem
2080 2039 2157 2065 non

542 2092 870 2149 nigro-barbatis,
889 2093 997 2133 tibiis
1018 2092 1269 2134 intermediis
1290 2093 1482 2133 fasciculo
1504 2093 1678 2148 pilorum
1701 2095 1909 2145 nigrorum
1932 2091 2159 2133 carentibus

543 2168 581 2202 et
622 2162 720 2201 totis
758 2159 982 2213 aequaliter
1018 2159 1304 2214 albo-pilosis,
1342 2160 1431 2214 pilis
1462 2160 1566 2201 albis
1596 2160 1802 2201 metatarsi
1832 2160 1958 2200 antici
1987 2160 2159 2212 denique

545 2227 800 2269 brevioribus
831 2229 872 2267 et
902 2225 1030 2267 multo
1061 2226 1293 2268 rarioribus.
1315 2249 1364 2256 ·—
1396 2227 1571 2280 (Texas3
1603 2227 1816 2283 Belsrage.)

655 2349 721 2390 34.
755 2350 1119 2404 Heteropogon
1148 2351 1339 2399 lautus,
1368 2364 1461 2391 noV.
1484 2364 1543 2405 sp.
1565 2348 1607 2398 0⁷¹
1629 2354 1669 2390 et.
1690 2354 1733 2399 Ω.
1755 2372 1808 2378 -
1828 2348 1978 2405 Niger,
1998 2350 2161 2389 thorace

543 2423 716 2467 cinereo,
746 2417 860 2457 tibiis
890 2422 1092 2472 lar-sisque
1121 2417 1223 2471 ”ist-⁹
1253 2419 1314 2457 vel
1340 2417 1441 2472 ruso
1468 2416 1612 2458 badas.

655 2485 710 2535 ὅ.
747 2486 838 2524 atae
881 2491 990 2524 totae
1025 2499 1128 2537 pure
1164 2486 1376 2538 ΙεῃαΙὶηαες
1418 2490 1524 2525 tarsi
1565 2485 1694 2524 antici
1731 2498 1904 2538 superne
1941 2483 2161 2539 confertim

543 2551 788 2604 albo-pilosi.

656 2619 700 2669 ῼ.
740 2619 829 2658 alae
862 2633 963 2671 pure
1000 2620 1210 2673 hyalinae,
1249 2622 1331 2659 imd
1360 2618 1446 2658 basi
1475 2632 1600 2673 usque
1629 2619 1684 2658 ad
1711 2620 1892 2659 venulam
1924 2618 2161 2658 humeralem

545 2690 684 2741 m‘grd,
714 2690 826 2725 venis
855 2685 1196 2727 transm-salibus
1224 2700 1492 2741 venarumque
1522 2685 1846 2726 aviuslomosibus
1875 2687 2009 2727 colore
2035 2690 2162 2740 nigri-

544 2764 663 2795 cnme
691 2758 869 2807 avagusle
897 2758 1160 2808 vnarge’nai'is.

657 2819 783 2875 Long.
815 2834 925 2875 corp.
956 2822 1007 2874 42}
1025 2843 1077 2850 —
1095 2822 1149 2873 5}
1167 2819 1251 2870 lin.,
1282 2820 1388 2874 long.
1419 2820 1468 2860 al.
1502 2821 1525 2860 4
1545 2824 1598 2871 ᾗ
1617 2842 1664 2848 -
1685 2820 1766 2873 51⁵3
1784 2820 1853 2862 lin.

659 2897 795 2953 Niger,
826 2899 942 2941 tibiis
971 2899 1170 2953 tan-sisque
1200 2898 1296 2939 rufis
1326 2898 1390 2939 vel
1421 2912 1469 2939 ex
1502 2898 1592 2939 rufo
1622 2899 1763 2949 badiis,
1794 2900 1908 2955 apice
1939 2898 2093 2939 illarum
2124 2901 2163 2936 et

547 2966 728 3006 articulis
771 2965 936 3020 singulis
981 2965 1126 3006 horum
1172 2966 1366 3007 adversus
1408 2968 1563 3021 apicem
1602 2967 1722 3021 paulo
1759 2967 1977 3007 saturatius
2014 2965 2161 3006 tinctis.

552 3032 683 3086 Caput
707 3032 860 3087 polline
882 3033 1065 3074 conten-to
1087 3033 1279 3073 exalbido
1301 3034 1525 3084 obtectum,
1545 3048 1732 3088 opacum,
1754 3034 1846 3089 pilis
1867 3034 1969 3073 athis
1990 3034 2164 3085 setisque
