2544 3552
0 2188 15 2214 m
45 2188 125 2215 ma-

0 2255 6 2281 :
38 2245 125 2282 atro

1 2306 123 2349 lbida.

0 2375 125 2431 iisque

0 2461 1 2467 =
29 2443 123 2482 arti·

24 2508 123 2549 Alae

2 2574 121 2616 olori·

722 21 940 76 'Liri‘
1221 24 1243 55 0
1306 50 1309 52 .

883 202 1099 244 Δηιονέως
1126 200 1469 254 septentrionalis.
1928 203 1983 243 57

373 315 578 363 breviata,
614 317 823 367 margines
859 314 1047 355 lacerates
1077 320 1113 353 et
1143 318 1349 366 poeticus,
1385 313 1546 354 seutellt'
1575 312 1787 353 dimidium
1815 314 1985 365 opu‘cde,

371 382 608 436 pleurarum
625 379 791 434 foscia,
819 380 1015 422 abdomen
1038 380 1208 436 denique
1228 387 1393 433 praeter
1411 386 1709 435 seg-mentorum
1728 380 1985 435 singulorum

375 447 586 503 margines
622 451 784 487 anticos
814 453 994 488 tomento
1024 462 1151 488 ovar-eo
1179 454 1347 497 omnto;
1383 448 1473 487 atae.
1489 447 1788 501 ferrugineas,
1816 447 1987 487 dimidio

372 518 599 567 posteriore
627 520 664 555 et
696 519 811 568 apice
830 514 1123 570 otigrofmcis.
1146 536 1197 544 —
1224 512 1349 568 Long.
1371 527 1482 567 corp.
1505 514 1557 567 ⁴³}
1577 539 1625 545 —
1646 514 1672 553 5
1700 513 1786 564 liu.‚
1806 513 1913 567 long.
1936 512 1985 554 al.

377 582 429 636 ιη·
460 581 533 622 lin.

485 646 623 702 Nigra,
652 647 874 702 subopaca.
931 646 1065 704 Caput
1095 647 1304 697 concolor,
1334 645 1441 701 pube
1469 646 1617 700 pallida}
1646 648 1848 689 vestitum.
1907 647 1988 688 An·

375 720 525 756 tennae
553 714 704 770 nigrae,
735 713 904 755 dimidio
936 715 1061 757 basali
1093 714 1177 756 sere
1208 718 1296 754 toto
1326 712 1432 754 rufo.
1491 712 1644 754 Vertex
1672 718 1833 769 praeter
1852 715 1988 755 tuber-

374 782 511 822 culum
542 780 716 822 ocellare
744 785 856 822 totus
885 780 1038 833 luteus3
1068 782 1110 822 in
1139 781 1342 822 anteriore
1372 779 1519 821 frontis
1550 785 1664 834 parte
1693 781 1885 835 utrinque
1907 793 1988 821 ma-

374 848 463 889 cula
501 847 679 888 lateralis
712 845 833 888 lutea.
894 846 1094 889 Humerus
1134 852 1304 901 uterque
1334 845 1490 888 macula
1523 847 1645 902 parva
1674 848 1890 888 rotundata
1920 861 1989 887 ex.

373 914 508 956 albida
543 918 718 955 notatus.
778 912 823 953 ln
862 913 981 956 dorso
1017 914 1198 955 thoracis
1229 919 1387 968 praeter
1415 914 1602 954 vittulam
1632 914 1803 955 mediam
1834 915 1990 969 postice

374 980 595 1023 admodum
634 981 915 1022 abbreviatam
953 981 1153 1034 margines
1190 980 1375 1022 laterales
1405 980 1499 1021 inde
1528 994 1549 1020 a
1579 980 1754 1035 scapulis
1784 994 1911 1034 usque
1938 981 1988 1022 ad

376 1049 504 1090 basim
540 1047 693 1088 alarum
732 1052 773 1088 et
814 1061 952 1102 margo
982 1047 1164 1102 posticus
1194 1051 1320 1098 totus,
1355 1048 1396 1088 in
1427 1046 1575 1102 pleuris
1604 1047 1723 1087 fascia
1754 1048 1992 1088 normaliter

376 1115 551 1156 demissa
580 1118 766 1155 tomento
795 1114 982 1155 conferto
1013 1126 1137 1154 aureo
1169 1118 1372 1168 teguntur.
1432 1113 1602 1154 Scutelli
1625 1113 1836 1155 dimidium
1856 1113 1991 1155 hasale

377 1181 553 1236 nigrum,
580 1180 735 1235 apicalc
763 1180 870 1222 laete
898 1180 1054 1222 luteum
1085 1184 1127 1220 et
1156 1185 1339 1221 tomento
1368 1193 1492 1221 aureo
1512 1181 1715 1221 vestitum
1778 1180 1989 1222 Abdomen

376 1252 539 1303 praeter
574 1251 880 1303 segmentorum
910 1246 1164 1302 singulorum
1193 1247 1366 1302 angulos
1397 1248 1575 1301 posticos
1606 1252 1646 1288 et
1675 1247 1895 1302 marginem
1927 1247 1990 1288 ba-

376 1315 503 1355 salem
540 1318 980 1364 aureo-tomentosum‚
1016 1317 1203 1354 tomento
1238 1314 1431 1355 adversus
1460 1318 1760 1369 segmentorum
1789 1314 1992 1368 margines

378 1383 556 1436 posticos
583 1380 770 1435 longiore
801 1384 842 1420 et
872 1379 1135 1421 confertiore.
1193 1378 1322 1422 Pedes
1342 1380 1450 1421 laete
1471 1380 1584 1429 lutei,
1612 1379 1835 1421 semoribus
1856 1384 1992 1421 tamen

377 1449 493 1505 apice
529 1452 704 1503 excepto
741 1446 878 1501 nigris.
935 1445 1102 1487 Alarum
1140 1446 1351 1499 dimidium
1390 1447 1546 1488 costale
1576 1447 1671 1488 inde
1699 1460 1720 1488 a
1750 1446 1835 1487 basi
1866 1459 1994 1500 usque

378 1516 426 1558 ad
461 1515 652 1557 ultimum
682 1514 769 1554 alae
798 1516 990 1555 trientem
1019 1513 1315 1568 ferrugineum3
1344 1513 1500 1567 reliqua
1528 1514 1592 1554 ala
1623 1514 1891 1568 nigro-fusca,
1925 1512 1992 1553 ad-

377 1596 519 1625 versus
546 1582 763 1624 incisuram
793 1581 1006 1622 axillarem
1036 1580 1168 1621 multo
1200 1579 1381 1622 dilutior.
1404 1603 1457 1610 —-
1488 1580 1660 1634 (Texase,
1690 1580 1907 1635 Belfrage.)

495 1704 559 1745 12.
590 1704 845 1758 chrysopa
878 1704 1210 1759 gignantius,
1247 1717 1340 1746 nov.
1369 1716 1430 1757 sp.
1460 1704 1504 1751 Ω.
1534 1725 1590 1733 -
1619 1704 1873 1751 Ochraceus,
1910 1703 1995 1742 tho·

378 1786 473 1812 race
502 1775 676 1820 cinereo,
703 1772 856 1824 polline
884 1770 1154 1810 subederat-eo
1182 1777 1219 1810 et
1249 1771 1345 1822 pilis
1376 1769 1662 1810 lentescentibus
1690 1776 1850 1818 vestito,
1879 1770 1995 1809 canis

377 1840 542 1891 frontis
577 1846 613 1879 et
640 1838 800 1892 faciei,
839 1838 963 1877 tertio
997 1844 1267 1877 antennarum
1306 1838 1484 1877 articulo
1509 1842 1675 1890 praeter
1703 1843 1824 1877 imam
1852 1836 1995 1884 hasim,

377 1905 628 1960 proboscide,
656 1903 841 1960 genibus,
869 1909 1048 1943 extremo
1077 1903 1270 1944 tibiarum
1298 1908 1415 1958 apice
1443 1909 1648 1959 tersisque
1673 1910 1838 1957 praeter
1867 1904 1996 1942 busim

380 1978 537 2029 ’tigrin
566 1974 656 2013 aloe
686 1971 983 2020 immaculatae,
1011 1984 1064 2011 ex
1092 1970 1288 2023 subfusco
1316 1972 1511 2018 cinereae,
1541 1977 1679 2010 costae
1708 1971 1827 2011 limbo
1855 1978 1890 2010 et
1913 1970 1997 2010 imd

379 2041 466 2082 bose·
496 2041 629 2082 luteis.
660 2061 715 2068 —
744 2036 871 2092 Long.
903 2049 1013 2092 corp.
1045 2037 1127 2090 51⁷³
1147 2037 1235 2087 lin„
1265 2036 1373 2091 long.
1406 2037 1456 2078 al.
1486 2040 1537 2090 43
1560 2036 1633 2077 lin.

494 2117 629 2172 Caput
673 2116 779 2157 laete
821 2114 1085 2166 ochraceum3
1130 2115 1222 2156 calli
1259 2115 1454 2156 ordinarii
1492 2114 1638 2171 capitis
1676 2115 1752 2156 atri
1785 2119 1828 2156 et
1864 2114 1997 2163 nitidi,

382 2183 569 2226 frontalis
604 2182 827 2232 rotundus,
866 2181 1069 2223 verticalis
1098 2182 1372 2236 triangularis,
1413 2181 1577 2223 saciales
1614 2182 1839 2223 mediocres
1874 2186 1915 2222 et
1941 2180 1998 2221 sa·

381 2250 508 2293 sciola
546 2251 632 2292 atra
668 2252 774 2290 inter
801 2263 845 2290 se
876 2249 1099 2304 conjuncti.
1160 2249 1373 2290 Antennae
1402 2252 1582 2289 saturate
1611 2248 1766 2299 luteae3
1804 2248 1998 2289 articulus

382 2317 585 2360 secundus
620 2317 783 2358 brevior
819 2329 943 2370 quam
980 2316 1022 2356 in
1059 2314 1351 2368 congeneribus
1382 2314 1607 2369 plerisque,
1642 2316 1698 2355 ita
1729 2320 1771 2355 ut
1802 2316 1996 2356 trientem

383 2384 545 2426 articuli
582 2385 702 2440 primi
741 2384 810 2424 vix
842 2382 1034 2431 excedam
1071 2382 1265 2422 articulus
1294 2382 1440 2422 tertius
1468 2394 1588 2435 quam
1620 2382 1699 2421 duo
1729 2382 1848 2437 primi
1877 2381 1998 2421 simul

382 2452 507 2494 sumti
537 2450 713 2505 longior,
741 2456 843 2497 ater,
875 2449 953 2490 ima
984 2448 1067 2489 basi
1096 2452 1277 2488 satin-ate
1306 2447 1428 2488 lutea.
1486 2447 1699 2489 Proboscis
1727 2449 1857 2502 nigra,
1885 2448 1996 2504 palpi

383 2522 564 2561 saturate
595 2517 710 2558 lutei.
765 2516 960 2557 Thoeacis
990 2517 1155 2557 dorsum
1184 2520 1224 2556 et
1246 2513 1465 2555 scutellum
1484 2515 1657 2556 obscure
1676 2515 1851 2563 cinerea,
1883 2514 1999 2570 polli-

386 2601 436 2628 ne
464 2584 752 2633 subochraow,
781 2584 821 2624 in
856 2585 1047 2624 vittarum
1076 2582 1295 2623 dorsalium
1317 2582 1549 2623 interstitiis
1571 2581 1819 2622 confertiore
1839 2594 1999 2636 aspersa

384 2658 425 2695 et
454 2652 549 2708 pilis
577 2650 866 2692 lutescentibus
892 2650 1052 2690 vestita.
1110 2648 1279 2690 Pleurae
1298 2649 1443 2691 laetius
1464 2650 1662 2697 cinereae,
1691 2649 1843 2704 polline
1861 2648 1998 2690 albicio

383 2721 578 2762 adversus
619 2718 852 2773 pleurarum
896 2718 1118 2772 marginem
1162 2730 1352 2772 superum
1389 2717 1432 2757 in
1470 2716 1710 2757 ochraceum
1745 2720 1905 2757 mutato
1940 2716 1997 2756 in·

385 2791 567 2828 structae
603 2790 644 2826 et
683 2784 993 2839 luteo-pilosae.
1052 2782 1268 2824 Abdomen
1302 2787 1467 2839 praeter
1493 2783 1693 2838 segmenti
1722 2782 1841 2838 primi
1872 2782 1999 2823 basim

386 2854 588 2895 cineream
616 2851 876 2900 ccbrweum,
906 2855 1048 2900 ventre
1069 2854 1158 2891 toto
1180 2851 1412 2891 concolore.
1472 2848 1547 2890 Pili
1568 2849 1796 2890 abdominis
1816 2848 2001 2904 plerique

386 2921 507 2975 nigri,
535 2920 576 2961 in
606 2918 854 2974 marginibus
884 2918 1121 2958 lateralibus
1150 2918 1292 2971 magna
1317 2932 1368 2958 cx
1389 2922 1505 2973 parte
1526 2917 1637 2957 lutei.
1696 2915 1851 2957 Venter
1870 2915 2000 2956 luteo·

387 2986 566 3043 pilosus,
599 2986 820 3041 segmentis
860 2989 993 3027 tamen
1031 2984 1156 3025 tertio
1187 2989 1228 3025 et
1256 2982 1519 3038 sequentibus
1548 2984 1589 3024 in
1621 2982 1754 3024 medio
1782 2982 2001 3024 abdomine
