2608 3552
0 419 159 458 Humo-

0 484 163 525 vorticis

3 564 27 591 o
56 553 164 590 unli-

0 622 75 658 ιυιέ
104 616 167 655 ἰη-

0 759 170 801 rumque

0 815 172 870 implexi,

0 899 16 924 si
56 879 174 937 apice

0 949 175 1004 angiore,

0 1014 176 1058 amulum

0 1098 39 1125 as
68 1094 176 1123 resu-

0 1178 1 1190 ¹
31 1148 179 1190 articu-

0 1249 3 1265 ‚
31 1215 181 1258 Osterio

0 1411 48 1453 a's,
76 1400 185 1442 albo-

0 1472 80 1522 11⁵¹:
99 1467 186 1516 lin.‚

0 1628 63 1656 sco
90 1609 189 1653 levi-

0 1680 69 1721 iris
95 1690 191 1718 con-

2 1747 64 1788 nis
98 1742 193 1786 latis

4 1827 94 1861 rae,
122 1824 194 1866 pu-

28 1892 99 1920 ora
127 1890 196 1918 an-

24 1948 199 1994 structa,

13 2012 112 2054 nula
138 2009 198 2051 ul·

19 2080 81 2121 lae
102 2078 200 2132 bya-

28 2161 47 2188 s
81 2143 204 2186 tertia

9 2218 41 2264 t,
59 2210 205 2254 Rhode

37 2344 207 2392 aceedit,

20 2540 124 2583 tem,
153 2538 209 2573 υἰ-

30 2603 108 2643 lale·
135 2614 210 2640 un-

11 2670 101 2709 ibus
129 2668 213 2707 lon-

22 2738 105 2789 4T⁷¹1
129 2734 214 2780 lin.,

14 2880 77 2921 dis
104 2890 217 2934 prae-

41 2945 116 2987 sub
158 2947 219 2985 to-

26 3013 81 3063 si,
108 3011 221 3052 frons

17 3079 124 3135 igi-a,
163 3090 219 3118 se-

966 305 1186 344 Amerr'cue
1213 304 1561 358 septentrionalis.
2011 304 2065 347 37

443 417 577 454 tarum
621 413 860 454 frontaliuui
910 414 1034 456 series
1085 413 1260 469 simplex
1302 414 1405 455 inl’ra
1448 417 1718 455 antennarum
1763 413 1895 455 basim
1936 415 2064 455 conti-

446 483 593 530 nuata,
637 481 677 520 in
720 480 897 521 foemina
941 479 1112 535 adjectis
1153 480 1252 523 setis
1288 479 1444 521 duabus
1481 479 1715 521 lateralibus
1746 479 1913 530 validi„
1953 480 2065 536 palpi

446 546 649 587 oeliracei.
734 544 932 587 Thoracis
976 546 1143 588 dorsum
1186 547 1390 589 levissime
1431 546 1887 602 albido·pollinosum,
1929 546 1986 587 ita
2019 550 2066 588 ut

446 612 485 653 in
525 613 710 666 margine
755 612 894 654 antico
930 613 1129 654 vittarum
1165 618 1340 668 quatuor
1379 612 1605 654 albidarum
1649 613 1812 654 initium
1854 616 2063 668 appareat,

444 676 624 733 scapulis
675 678 1012 733 marginibusque
1060 678 1296 721 lateralibus
1347 683 1535 721 tomento
1582 678 1834 722 confertim-e
1877 679 2063 734 aspersis.

446 743 619 786 Pleume
647 744 901 793 concolores,
930 744 1327 801 albida-pollinosae.
1385 744 1608 800 chmenta
1627 745 1902 787 abdominalia
1920 759 2063 788 secun-

447 810 545 851 dum
583 816 625 851 et
663 812 829 852 tertium
865 811 1028 866 singula
1065 811 1164 853 setis
1200 810 1431 853 dorsalibus
1470 811 1532 853 bis
1566 811 1675 853 binis
1710 817 1877 853 armata.
1935 810 2064 854 Pedes

448 877 564 932 nigri.
621 876 798 932 'l'egulae
826 878 999 920 albidae.
1059 877 1159 919 Alae
1189 877 1589 932 cinereo-hyalinae,
1615 878 1733 934 spina
1763 877 1906 919 costati
1935 877 2060 921 nulla.

447 969 499 974 —
529 941 884 996 (Massaeliusetts3
913 943 1258 996 osten-Sacken.)

560 1008 701 1050 Nota.
762 1010 875 1051 Hanc
901 1011 1076 1065 speeiem
1108 1014 1277 1065 propter
1306 1010 1492 1065 corporis
1522 1010 1702 1051 colorent
1725 1009 2062 1064 Gymnocbaetis‚

501 1075 741 1118 Nemoraeis
770 1077 958 1132 proxime
985 1076 1187 1125 affinibus,
1214 1077 1400 1130 ascripsi3
1431 1090 1454 1117 a
1476 1076 1799 1131 Gymnocliaetis
1827 1077 1870 1116 in
1896 1074 2063 1131 Europa

500 1142 739 1184 viventibus
769 1143 890 1185 tertio
919 1146 1187 1185 antennarum
1217 1142 1388 1184 articulo
1418 1142 1603 1198 longiore
1621 1147 1663 1185 et
1681 1156 1859 1199 superne
1875 1154 2063 1185 convexo

501 1209 652 1250 differt.

556 1301 626 1343 62.
663 1303 900 1355 Pyr-elliu
935 1303 1207 1351 centralis,
1245 1316 1338 1343 nov.
1368 1316 1428 1356 sp.
1475 1299 1517 1347 cs
1546 1306 1588 1342 et
1617 1300 1663 1346 Ω.
1714 1326 1764 1332 -
1815 1303 1972 1342 Viridis
2000 1303 2062 1342 vel

446 1366 654 1421 chalyben,
690 1369 851 1407 alarum
886 1372 990 1409 vend
1025 1372 1264 1409 transuersa
1299 1369 1432 1408 media
1464 1368 1817 1422 nigro-limbum.
1850 1389 1901 1397 —
1931 1366 2058 1423 Long-

445 1445 556 1487 eorp.
586 1433 797 1488 ‘lg—243-
830 1433 915 1483 lin.,
947 1434 1054 1488 long.
1087 1433 1138 1475 al.
1167 1433 1251 1487 21³³
1282 1433 1352 1474 lin.

557 1498 709 1550 Nitida,
739 1514 831 1541 raro
851 1501 1006 1551 viridis,
1036 1501 1279 1557 plerumque
1313 1500 1525 1554 ebalybea,
1560 1499 1738 1542 thoracis
1772 1500 1942 1541 maculis
1969 1500 2061 1541 dor-

444 1565 609 1615 salibus,
644 1567 819 1608 scutelle
857 1575 899 1609 et
935 1567 1155 1608 abdomine
1188 1579 1311 1621 saepe
1341 1566 1549 1607 violaceis.
1621 1567 1839 1608 Antemnae
1868 1571 1909 1608 et
1937 1566 2060 1609 facies

444 1632 576 1678 rul'ae;
608 1632 716 1687 palpi
747 1634 1003 1682 concolores,
1031 1647 1160 1688 genae
1190 1633 1353 1688 piceae,
1382 1632 1753 1688 pallide-pilosae,
1790 1633 1903 1675 frons
1937 1634 2061 1675 maris

446 1698 625 1749 linearis,
655 1698 856 1740 foeminae
885 1699 1044 1741 modice
1073 1699 1167 1746 lata,
1197 1700 1239 1739 in
1270 1704 1444 1753 utroque
1473 1714 1573 1741 sexu
1602 1700 1735 1755 nigra,
1765 1713 1894 1755 prope
1921 1704 2061 1741 anten-

446 1779 514 1806 nas
546 1765 651 1806 haud
684 1779 776 1806 raro
806 1766 908 1814 rul'a,
938 1767 1084 1807 orbitis
1113 1765 1461 1820 albo-pollinosis,
1490 1780 1609 1820 supra
1642 1770 1777 1807 tamen
1807 1767 1940 1816 nudis,
1968 1767 2060 1808 niti-

446 1833 527 1883 dis,
565 1831 688 1886 nigris
720 1831 785 1873 vel
815 1831 1186 1886 nigro-chalybei&
1243 1830 1440 1872 Thoracis
1478 1833 1643 1873 dorsum
1673 1837 1834 1886 praeter
1862 1833 2061 1888 margines

446 1897 632 1940 laterales
660 1902 701 1939 et
730 1898 935 1954 posticum
967 1898 1235 1939 macrochetis
1265 1897 1387 1939 nullis
1415 1898 1680 1948 instructum3
1717 1899 1862 1954 stigma
1890 1899 2058 1953 protho-

445 1965 548 2005 raeis
577 1964 750 2018 nigrum.
807 1963 930 2006 Setae
967 1964 1129 2006 validae
1162 1965 1203 2005 in
1234 1964 1462 2005 abdominis
1492 1966 1606 2019 apice
1635 1964 1787 2005 nullae.
1843 1963 1972 2006 Pedes
2000 1964 2060 2021 pi-

445 2032 505 2072 cei
535 2030 604 2071 vel
633 2031 885 2086 piceo-nigri,
914 2031 1136 2072 femoribus
1165 2031 1567 2073 subaeneseentibus.
1622 2030 1803 2085 'regulae
1832 2031 2061 2083 exalbidae,

446 2098 682 2138 tenuissime
712 2097 1109 2152 fusco-marginata&
1181 2097 1283 2138 Alae
1312 2097 1700 2150 cinereo-hyalinae,
1732 2110 1858 2139 venae
1886 2097 2060 2153 longitn-

445 2164 590 2205 dinalis
618 2169 788 2217 quartae
817 2169 932 2218 parte
962 2163 1107 2204 ultima
1144 2164 1194 2204 ad
1232 2163 1321 2205 alae
1356 2164 1579 2219 marginem
1615 2164 1735 2205 valde
1763 2165 2060 2219 approximata,

447 2232 549 2272 vena
577 2231 812 2272 transversa
841 2230 975 2271 media
1003 2229 1325 2285 nigro-limbata.
1355 2253 1408 2260 —
1437 2230 1591 2283 (Cuba3
1621 2229 1874 2282 Gundlach.)

553 2341 623 2382 63.
655 2341 894 2395 Pyrellia
919 2347 1117 2389 setosa,
1148 2354 1240 2382 nov.
1261 2354 1323 2396 sp.
1353 2339 1397 2384 Ω.
1423 2364 1478 2371 -
1501 2340 1701 2395 chalyben
1730 2342 1792 2381 vel
1817 2342 2057 2383 viridi-clm·-

446 2409 571 2464 lybeu,
595 2411 724 2462 facie,
753 2413 959 2458 antennis,
984 2409 1122 2461 pulpis
1148 2407 1392 2463 pedibusque
1420 2412 1572 2463 nigris,
1607 2410 1792 2449 thoracis
1821 2409 1943 2448 douo
1970 2415 2059 2449 coeo

447 2477 712 2516 ’κηποι-ἠείδει
741 2480 955 2515 inser-ueto.
988 2497 1036 2503 —
1068 2472 1193 2527 Long.
1224 2487 1337 2529 corp.
1363 2473 1418 2526 3}
1447 2474 1533 2522 lin.,
1563 2473 1672 2529 long.
1699 2474 1749 2515 al.
1779 2475 1805 2515 3
1834 2473 1906 2515 lin.

557 2541 717 2591 Nitida,
746 2541 917 2582 obscure
946 2539 1168 2595 clialybea,
1202 2554 1295 2581 raro
1330 2555 1382 2581 ex
1419 2541 1622 2595 elialybeo
1651 2542 1869 2583 virescens.
1925 2541 2060 2598 Caput

448 2610 624 2664 nigrum,
652 2607 1065 2662 albido-pollinosum.
1124 2605 1305 2648 Dorsum
1344 2606 1522 2648 thoracis
1556 2611 1690 2648 totum
1719 2608 1990 2650 macroelietis
2017 2614 2059 2651 et

448 2676 539 2732 pilis
566 2675 820 2730 longioribus
849 2686 969 2727 quam
998 2672 1039 2712 in
1069 2672 1262 2726 Pyrelliis
1292 2674 1494 2729 plerisque
1523 2674 1781 2725 instructum,
1810 2688 1939 2730 prope
1956 2688 2059 2717 mar-

450 2742 585 2797 ginem
613 2741 796 2782 anticum
825 2740 969 2781 leviter
998 2739 1397 2795 albo-pullinosum,
1433 2742 1492 2781 ita
1528 2745 1569 2781 ut
1607 2742 1803 2781 vittarum
1833 2741 2057 2783 albidarum

449 2809 563 2849 initia
583 2808 900 2863 conspiciantur.
958 2804 1118 2860 Stigma
1138 2806 1396 2861 prothoracis
1415 2807 1720 2860 fusco-nigrum.
1779 2806 2059 2850 Macroelietae

449 2875 490 2915 in
517 2874 747 2916 abdominis
776 2873 891 2927 apice
917 2870 1157 2913 mediocres.
1216 2873 1347 2915 Pedes
1375 2874 1494 2929 nigri.
1550 2871 1727 2927 'regulae
1755 2873 1967 2915 exalbidae
1993 2876 2059 2917 vel

449 2940 691 2982 dilutissime
725 2939 956 2988 subfuscae,
995 2939 1175 2991 margine
1216 2940 1448 2982 concolore.
1512 2938 1613 2980 Alae
1646 2939 2059 2993 cinereo-hyalinae,

450 3020 578 3049 venae
622 3005 932 3061 longitudinalis
979 3008 1149 3057 quartae
1186 3010 1302 3060 parte
1342 3006 1487 3048 ultima
1523 3005 1693 3061 margini
1730 3004 1828 3046 alari
1862 3019 1944 3048 non
1985 3020 2058 3063 ap·

450 3073 690 3127 proximata.
710 3094 764 3104 --
785 3071 981 3125 (lllinoise,
1014 3069 1359 3124 osten-Saeken.)
