2640 3584
0 2271 6 2290 ,
42 2243 177 2281 hume-

0 2314 84 2364 ?gro
111 2323 179 2348 vn-

0 2376 181 2415 eludente

0 2522 70 2563 que
97 2513 180 2547 iar-

0 2574 83 2614 this.

0 2655 34 2679 m
52 2640 177 2680 basim

0 2850 181 2891 neminae

0 2916 180 2971 ‚agellum

0 2983 181 3038 eo-niger

2 3047 110 3089 erius
138 3047 180 3087 in

882 302 1101 343 American
1127 305 1480 357 neptunio-ionum.

365 413 541 464 utroque
569 421 673 451 sexu
702 409 851 452 albida.
910 410 1139 454 Scutellum
1170 425 1263 455 cum
1298 412 1465 457 thorace
1495 416 1707 459 concolor.
1769 415 1984 461 Abdomen

366 475 485 517 maris
514 475 688 532 nigrum,
716 478 936 531 segmentis
966 479 1106 534 primis
1137 479 1296 521 duobus
1325 482 1437 533 totis,
1467 483 1652 538 margine
1680 484 1840 540 pontico
1859 486 1985 533 tertii,

366 545 511 596 quarto
539 545 702 597 praeter
732 541 857 584 basim
889 548 930 584 ct
958 545 1063 586 sexti
1093 545 1264 588 dimidio
1285 550 1514 603 posteriore
1542 549 1664 600 albin
1693 550 1895 593 foeminae
1916 551 1983 592 ab·

365 608 512 650 domen
542 612 675 649 totum
706 608 880 664 nigrum.
940 609 1107 652 Femora
1140 612 1276 653 omnia
1313 614 1354 655 in
1386 618 1564 669 utroque
1590 630 1693 659 sexu
1729 622 1888 672 praeter
1915 617 1982 659 ba·

364 674 439 716 sim
476 673 654 715 albidam
691 675 804 731 nigra
841 675 907 716 vel
941 676 1211 734 picco-nigra3
1248 678 1372 719 tibiae
1411 684 1451 721 et
1488 681 1586 722 tarsi
1620 682 1746 724 antici
1780 683 1983 726 foeminae

364 740 615 792 concolores,
644 742 767 782 maris
796 740 933 791 albidi,
964 744 1077 798 apice
1106 748 1243 785 tamen
1274 743 1464 787 tibiarum
1487 751 1529 788 et
1549 747 1669 789 tarsis
1692 748 1787 790 inde
1806 750 1858 791 ab
1884 750 1980 792 arti-

365 806 446 849 culi
466 807 585 862 primi
606 806 720 862 apice
739 808 884 862 nigris,
914 808 1037 850 tibiae
1058 809 1303 865 posteriores
1323 811 1493 864 amidae,
1524 811 1607 855 basi
1629 813 1838 865 latissime,
1865 818 1982 872 apice

365 874 446 915 late
473 874 618 929 nigrim,
648 874 745 914 tarsi
775 875 1025 929 posteriores
1053 876 1174 930 nigri,
1203 877 1377 919 articulo
1405 880 1538 934 primo
1564 884 1730 935 praeter
1747 882 1903 935 apicem
1924 882 1980 923 al-

364 940 484 988 bido,
513 938 709 980 articulus
739 940 1013 994 paenultimus
1043 946 1244 984 tarsorum
1273 946 1454 985 omnium
1484 946 1527 986 in
1558 950 1736 1000 utroque
1763 961 1863 988 sexu
1893 962 1980 1004 per·

364 1006 514 1055 brevis,
551 1005 811 1047 obcordatus.
878 1005 1063 1049 Halteres
1101 1009 1292 1051 exalbidi.
1359 1010 1461 1053 Alae
1497 1012 1653 1062 nudae,
1698 1011 1980 1067 subhyalinae,

364 1071 524 1114 macula
551 1072 712 1113 minuta
739 1073 874 1127 nigra,
909 1087 1032 1114 venas
1062 1078 1313 1116 transversas
1343 1077 1580 1119 includente
1609 1083 1652 1119 ct
1680 1083 1834 1133 puncto
1863 1080 1980 1136 nigro

363 1140 404 1180 in
432 1151 560 1180 venae
588 1138 756 1194 quintae
785 1140 1044 1180 anastomosi.
1074 1164 1125 1171 —
1158 1139 1474 1197 (Washingtom
1506 1143 1852 1198 Oeten-Sacken.)

416 1203 561 1246 Nota.
620 1203 815 1246 Foemina
851 1206 979 1246 variat
1012 1206 1124 1247 tibiis
1160 1207 1412 1248 intermediis
1450 1213 1612 1263 praeter
1646 1210 1841 1252 annulum
1880 1212 1979 1254 albi-

472 1271 567 1312 dum
603 1272 740 1326 nigris.

473 1395 511 1434 2.
545 1393 788 1446 Tanypue
816 1395 1095 1434 humeralis
1125 1408 1216 1436 nov.
1247 1409 1307 1449 sp.
1341 1393 1382 1440 c?
1412 1400 1452 1436 ct
1488 1394 1532 1439 Ω.
1592 1398 1762 1452 Rufus,
1801 1401 1978 1441 humeris

361 1462 670 1516 pleuros-umque
698 1460 868 1500 dimidio
895 1465 1105 1514 superiore
1133 1461 1294 1512 albidis,
1327 1467 1492 1515 pectore
1525 1470 1562 1503 et
1594 1470 1799 1504 metanoea
1817 1466 1977 1519 ficecla,

346 1523 526 1581 'pedibus
552 1530 679 1581 nigro
706 1532 744 1566 ee
773 1526 864 1566 albo
891 1532 1040 1577 variis,
1063 1528 1143 1568 alis
1162 1528 1299 1577 nudie,
1330 1529 1491 1568 macula
1520 1531 1695 1570 centrata·
1715 1535 1822 1580 alr-12,
1853 1546 1978 1574 venna

362 1607 618 1634 ‚ran-sverans
647 1593 876 1634 include-me
904 1599 1083 1641 ornatis,
1119 1596 1372 1648 paenultivno
1408 1600 1615 1635 larem-um
1651 1599 1828 1637 articulo
1856 1598 1977 1650 brevi,

362 1660 592 1701 obcordato.

470 1722 511 1770 d*
540 1725 751 1765 abdomine
780 1726 869 1765 albo
898 1733 934 1766 ee
967 1731 1091 1781 nigro
1119 1728 1337 1775 aniculam,
1372 1728 1485 1769 tibiis
1514 1734 1667 1768 anticio
1695 1737 1860 1782 praeter
1888 1736 1976 1785 api-

362 1808 444 1833 cem
473 1792 586 1831 albis.

470 1856 501 1902 Ω
530 1857 742 1897 abdomine
770 1863 857 1897 toto
884 1860 1022 1913 nigro,
1050 1858 1163 1897 tibiis
1192 1864 1345 1899 anneis
1376 1865 1475 1899 tons
1503 1862 1654 1914 nigris.

469 1923 597 1979 Long.
629 1936 739 1978 corp.
774 1923 950 1976 Ῑ-ὲ-Ιξ
978 1923 1063 1974 lin,
1093 1923 1220 1979 Long.
1252 1924 1301 1965 al.
1336 1925 1514 1979 1-2--1}
1542 1926 1612 1966 lin.

467 2001 604 2057 Caput
634 2001 829 2051 albidum,
860 2001 974 2041 disco
1004 2001 1190 2056 occipitis
1218 2001 1347 2042 fusco,
1396 2002 1610 2044 Antennae
1631 2003 1782 2050 fuscae,
1815 2005 1977 2059 flagello

361 2075 627 2113 antennarum
659 2068 780 2108 maris
809 2067 1013 2109 dilutiore.
1072 2067 1236 2108 Thorax
1266 2067 1394 2118 rufus,
1424 2068 1463 2108 in
1493 2082 1603 2109 mare
1625 2082 1791 2124 opacus,
1821 2071 1862 2110 in
1894 2072 1977 2114 foe-

362 2136 468 2177 mina
497 2134 727 2176 subnitidus
756 2138 798 2174 ct
827 2133 1067 2188 plerumque
1097 2134 1233 2174 colore
1262 2133 1387 2189 paulo
1414 2136 1661 2175 saturatiore
1690 2137 1866 2185 tinctus;
1894 2139 1976 2179 col-

362 2204 456 2252 lare,
485 2200 642 2242 humeri
674 2204 716 2241 et
744 2199 928 2255 superins
949 2199 1179 2253 pleurarum
1201 2200 1413 2240 dimidium
1435 2201 1475 2240 in
1499 2206 1675 2254 utroque
1703 2216 1803 2243 sexu
1832 2204 1978 2252 albida,

361 2271 400 2310 in
429 2267 608 2309 foemina
634 2270 771 2307 tamen
808 2265 947 2307 colore
983 2267 1116 2307 minus
1152 2280 1256 2321 puro
1291 2266 1414 2321 picta.
1473 2266 1623 2307 Pectus
1655 2272 1696 2307 et
1725 2274 1976 2312 metanotum

362 2333 621 2390 nigro-fusca.
676 2332 896 2373 Abdomen
927 2333 1047 2373 maris
1077 2334 1251 2392 nigrum,
1281 2334 1500 2388 segmentis
1523 2334 1664 2388 primis
1695 2334 1869 2386 duobus,
1898 2342 1977 2377 ter·

363 2402 406 2442 tii
444 2404 485 2441 et
521 2399 655 2453 quinti
689 2399 824 2453 apice,
857 2403 1003 2451 quarto
1041 2404 1081 2439 et
1119 2403 1239 2439 sexto
1258 2403 1433 2453 praeter
1469 2399 1595 2439 basim
1635 2399 1749 2440 albis.
1809 2401 1976 2443 Femora

363 2467 493 2508 omnia
529 2466 572 2506 in
610 2469 786 2518 utroque
822 2477 924 2505 sexu
964 2468 1123 2518 praeter
1159 2464 1285 2504 basim
1322 2463 1502 2504 albidam
1543 2464 1657 2519 nigra
1689 2466 1753 2505 vel
1782 2468 1976 2521 piceo-ni-

363 2546 447 2589 gra,
476 2532 602 2573 tibiae
631 2531 789 2572 anticae
809 2530 1012 2570 foeminae
1032 2531 1284 2579 concolores,
1314 2531 1435 2571 maris
1456 2535 1619 2585 praeter
1640 2533 1797 2585 apicem
1815 2535 1975 2588 nigrum

362 2599 537 2647 albidae,
567 2597 694 2639 tibiae
723 2597 989 2637 intermediae
1018 2596 1222 2637 foeminae
1251 2597 1494 2651 plerumque
1525 2598 1680 2651 nigrae,
1712 2611 1801 2638 raro
1823 2601 1976 2641 annulo

360 2665 468 2707 fusco
497 2666 674 2713 cinctae3
703 2663 829 2704 tibiae
857 2663 1124 2704 intermediae
1155 2663 1276 2704 maris
1306 2663 1478 2712 albidae,
1510 2662 1659 2704 basiet
1688 2665 1803 2718 apice
1830 2667 1977 2721 nigris,

362 2732 483 2773 tibiae
511 2731 693 2786 posticae
731 2731 772 2770 in
811 2734 987 2783 utroque
1023 2744 1124 2770 sexu
1161 2734 1323 2785 praeter
1358 2729 1487 2770 basim
1524 2733 1567 2769 et
1602 2729 1760 2784 apicem
1797 2732 1978 2781 albidae;

363 2798 455 2839 tarsi
491 2798 617 2838 antici
655 2795 779 2849 nigri,
815 2796 987 2837 articulo
1017 2796 1150 2851 primo
1187 2796 1228 2835 in
1268 2799 1446 2848 utroque
1482 2809 1582 2836 sexu
1621 2800 1784 2850 practer
1819 2797 1975 2853 apicem

364 2862 469 2911 albo,
495 2864 537 2904 in
568 2875 682 2903 mare
711 2867 919 2916 praeterea
950 2862 1110 2902 articuli
1140 2862 1306 2903 secundi
1338 2861 1419 2902 basi
1450 2875 1573 2917 saepe
1602 2862 1847 2910 lut.escente.·‚
1881 2867 1976 2906 tarsi

362 2930 604 2983 posteriores
637 2928 758 2969 maris
788 2934 828 2969 et
858 2928 1059 2969 foeminae
1088 2927 1282 2969 articulos
1312 2929 1466 2982 primos
1487 2928 1589 2968 duos
1615 2928 1745 2980 albos,
1774 2932 1889 2982 apice
1918 2931 1976 2971 ni-

363 3008 433 3048 gro
462 3000 650 3046 ornatos,
684 2994 866 3048 reliquos
895 2994 1087 3035 articulos
1118 2999 1229 3035 totos
1257 2996 1397 3049 nigros
1426 2994 1598 3043 habent,
1634 2995 1827 3037 articulus
1855 3010 1977 3052 paen-

363 3060 522 3102 ultimus
551 3067 755 3103 tarsorum
785 3061 968 3101 omnium
998 3061 1144 3110 brevis,
1174 3060 1433 3101 obcordatus.
1494 3061 1595 3101 Alae
1625 3061 1769 3109 nudae,
1801 3063 1978 3117 subhya-

1628 3128 1647 3166 ι
1681 3127 1697 3146 ι
