2536 3632
5 2021 9 2026 .
38 1990 155 2029 dorso

9 2057 153 2111 rdfla·

15 2124 154 2164 ellulae

30 2190 153 2247 Long.

30 2324 153 2366 dilute

25 2406 65 2434 es
94 2406 151 2432 οι·-

9 2459 150 2513 -nigra

18 2558 27 2569 .
76 2526 152 2567 Ab·

18 2607 152 2635 versus

21 2674 74 2701 m
95 2659 149 2699 ni-

24 2731 150 2768 terum

42 2793 152 2834 venis

52 2860 152 2914 argi-

16 2927 80 2979 e.)

873 164 1090 205 Americae
1116 164 1468 218 septentrionalis.
1933 164 1983 205 61

485 275 523 315 2.
568 274 755 328 'I'ipula
781 281 1041 328 praecisa,
1079 289 1173 316 noV.
1205 289 1266 331 sp.
1297 275 1338 327 ἆ
1368 279 1410 317 et
1439 278 1485 328 ῼ.
1522 296 1573 305 -
1614 275 1767 325 Lutea,
1804 275 1988 317 thoracis

375 346 490 382 vittis
520 342 747 383 dorsalibus
774 343 997 398 subfuscis,
1026 343 1159 383 medat
1184 343 1331 390 divisa,
1361 341 1542 382 orionibus
1569 347 1800 382 naturalius
1831 346 1988 406 margi-

376 413 501 460 natis,
531 409 757 450 abdominis
786 415 892 451 vitta
909 411 1066 463 fusca,
1095 414 1279 464 ang-usta
1314 411 1384 449 sect
1418 411 1578 464 aequali
1587 425 1599 460 3
1640 410 1730 449 alae
1757 409 1988 462 subfuscae,

366 474 517 529 fascia
544 475 690 516 lunata
719 483 816 517 ante
842 482 997 532 stigma
1025 478 1109 517 sita
1137 483 1174 517 et
1204 491 1278 530 per
1306 477 1474 516 cellulae
1496 477 1736 517 discoidalis
1762 475 1891 517 basim
1919 491 1989 518 us-

303 579 305 583 ,
377 555 453 597 que
480 547 525 583 in
553 543 736 584 cellulam
762 549 1028 599 posteriorem
1058 550 1250 600 quartam
1277 545 1507 598 pertinente
1534 543 1870 597 albida-hyalina.

489 607 545 656 ἅ.
575 611 851 666 hypopygium
878 611 1077 651 mediocre
1097 611 1299 661 concolor,
1330 612 1525 660 clausum,
1562 611 1735 652 lamellis
1752 610 1991 651 rotundatis

375 691 459 718 non
484 677 819 731 prominentibus.

487 743 533 792 Ω.
561 744 740 785 tes-ebrae
768 745 950 786 lamellae
976 759 1146 798 superae
1174 749 1332 798 apicem
1359 758 1501 786 versus
1528 759 1611 786 non
1640 749 1892 795 attenuatae,
1922 744 1991 785 ob-

378 812 484 866 lique
511 817 728 852 truncatae
755 819 793 853 et
823 813 964 852 leniter
991 817 1288 867 emarginatae.

489 876 616 932 Long.
639 891 750 932 corp.
770 884 812 934 ὅ*
831 879 1025 932 (li-‘⁶2³
1055 881 1088 932 ῼ
1109 892 1201 919 cum
1222 878 1381 920 terebra
1402 879 1430 919 9
1452 878 1537 929 lint,
1569 878 1679 934 long.
1695 879 1746 920 al.
1769 876 1811 924 c?
1827 878 1991 933 7-3-—8‚

378 948 411 998 ῼ
430 944 479 998 ὃξ
495 946 584 986 -9
613 943 685 986 lin.

490 1021 630 1064 Lutea.
686 1020 822 1076 Caput
850 1021 1067 1072 concolor,
1101 1023 1278 1077 occipite
1308 1027 1348 1063 et
1378 1023 1514 1064 fronte
1542 1022 1810 1078 pleurumque
1839 1025 1993 1065 cinera-

379 1089 598 1131 scentibus.
656 1087 771 1145 Palpi
802 1088 917 1138 lutei,
947 1091 1141 1131 adversus
1170 1090 1326 1146 apicem
1348 1089 1600 1144 fusco-nigri.
1659 1089 1877 1131 Antenuae
1896 1090 1994 1131 sim-

380 1156 527 1213 plices,
555 1168 701 1211 scapus
729 1155 885 1205 luteus;
914 1156 1117 1212 flagellum
1149 1158 1324 1211 nigrum,
1358 1155 1542 1197 articulis
1572 1158 1711 1211 primis
1741 1162 1900 1212 praeter
1928 1156 1993 1198 ba-

378 1225 453 1265 sim
482 1222 735 1278 singulorum
767 1224 888 1279 paulo
919 1224 1153 1264 crassiorem
1176 1238 1228 1264 ex
1251 1224 1363 1265 luteo
1383 1223 1522 1273 fuscis,
1552 1225 1679 1264 rarius
1699 1223 1833 1270 luteis,
1862 1224 1994 1279 primo

379 1290 488 1331 baud
517 1303 610 1331 raro
639 1294 728 1330 toto
759 1290 881 1331 luteo.
940 1289 1134 1331 Thoracis
1163 1290 1330 1331 dorsum
1362 1291 1600 1345 plerumque
1620 1290 1889 1340 cinerascens,
1920 1291 1994 1331 vit·

379 1358 430 1398 tis
459 1357 775 1398 distinctissimis
804 1356 1124 1408 cinereo-fuscis,
1157 1358 1345 1398 omnibus
1376 1358 1557 1410 undique
1587 1357 1725 1398 colore
1752 1357 1996 1399 saturatiore

380 1425 615 1478 marginatis
643 1429 683 1464 et
711 1423 844 1464 media
875 1437 948 1478 per
977 1423 1125 1464 lineam
1155 1423 1425 1465 latescentem
1457 1423 1679 1463 dimidiata.
1753 1424 1996 1465 Abdominis

379 1492 482 1531 vitta
512 1490 645 1531 media
672 1490 799 1540 fusca,
829 1495 999 1545 angusta
1028 1492 1097 1532 sed
1130 1490 1325 1547 aequalis,
1354 1491 1450 1532 inde
1473 1504 1493 1530 a
1517 1490 1598 1530 basi
1620 1489 1848 1532 abdominis
1869 1504 1996 1546 usque

379 1558 430 1598 ad
460 1558 684 1612 marginem
714 1557 917 1611 posticum
949 1558 1148 1612 segmenti
1169 1559 1333 1613 septimi
1355 1557 1583 1613 pertine-nm
1612 1557 1841 1599 abdominis
1871 1559 1997 1599 vittae

377 1624 564 1665 laterales
593 1623 862 1665 obsoletiores
892 1628 932 1665 et
963 1624 1130 1667 dilutius
1158 1624 1318 1675 fuscae,
1348 1626 1387 1665 in
1419 1637 1532 1665 mare
1561 1625 1815 1678 angustiores
1845 1630 1886 1666 et
1915 1625 1996 1680 ple·

379 1703 551 1744 rumque
579 1689 861 1745 subintegrae‚
898 1691 939 1731 in
978 1690 1155 1732 foemina
1186 1692 1353 1734 latiores
1388 1691 1459 1733 sed
1491 1690 1608 1731 valde
1638 1693 1911 1747 interruptae,
1939 1693 1997 1732 ita

381 1762 426 1798 ut
454 1757 694 1813 plerumque
723 1762 882 1798 tantum
915 1757 1095 1799 maculae
1125 1758 1348 1809 obsoletae,
1378 1758 1462 1799 late
1494 1759 1600 1799 inter
1620 1773 1663 1799 se
1683 1758 1881 1800 distantes
1902 1772 1995 1799 con-

378 1824 616 1879 spiciantur.
675 1823 968 1880 Hypopygium
991 1826 1114 1866 maris
1144 1826 1352 1875 concolor,
1383 1824 1602 1874 mediocre,
1633 1824 1830 1875 clausum,
1861 1825 1997 1867 lamel-

379 1891 430 1932 lis
457 1890 688 1932 rotundatis
717 1905 802 1932 non
831 1891 1167 1947 prominentibus.
1226 1892 1403 1934 Terebra
1426 1892 1626 1933 foeminae
1647 1891 1759 1931 fusca
1783 1892 1845 1933 vel
1869 1892 1999 1933 luteo·

379 1958 504 2009 fusca,
534 1958 703 1999 lamellis
734 1957 876 1999 inferis
906 1958 1172 2013 longiusculis
1202 1963 1243 2001 et
1268 1959 1429 2000 modice
1452 1959 1621 2010 obtusis,
1651 1960 1808 2013 superis
1840 1958 2001 2000 modice

380 2024 491 2075 latis,
534 2026 730 2067 adversus
767 2027 923 2081 apicem
954 2040 1036 2066 non
1068 2027 1308 2077 attenuatis,
1338 2027 1454 2081 apice
1487 2027 1573 2081 ipso
1610 2025 1778 2079 oblique
1808 2030 2000 2066 truncato

380 2096 422 2133 et
453 2092 599 2134 leviter
627 2094 891 2147 emarginato.
951 2090 1080 2134 Pedes
1111 2106 1162 2133 ex
1192 2093 1306 2134 luteo
1334 2093 1527 2140 subfusci,
1555 2092 1779 2133 femoribus
1811 2092 2002 2146 tibiisque

379 2159 420 2199 in
450 2159 565 2214 apice
594 2159 715 2214 paulo
745 2159 967 2200 saturatius
999 2159 1149 2200 tinctis.
1207 2158 1419 2201 Halterum
1461 2159 1685 2214 capitulum
1725 2158 1899 2209 fuscum,
1927 2172 2000 2214 pc-

381 2225 583 2267 duneutus
622 2225 835 2268 lutescens.
911 2224 1012 2267 Alae
1050 2226 1181 2267 dilute
1217 2225 1455 2273 subsuscae,
1501 2227 1690 2281 stigmate
1725 2225 1862 2275 fusco,
1905 2230 2000 2266 ante

380 2293 526 2346 stigma
555 2292 679 2333 fascia
711 2293 848 2334 lunata
880 2292 1217 2347 albido-hyalina
1255 2292 1352 2333 inde
1381 2306 1402 2333 a
1433 2293 1548 2334 costii
1583 2306 1712 2347 usque
1742 2294 1780 2332 in
1813 2291 2002 2333 cellulam

380 2360 648 2415 posteriorem
679 2364 864 2415 quartam
895 2360 1104 2415 pertinens
1135 2359 1399 2415 conspicitur.
1454 2382 1504 2387 —
1554 2359 1815 2412 (California;
1844 2358 1893 2399 H.
1922 2356 2000 2399 Ed-

384 2426 557 2477 wards.)

491 2548 531 2590 3.
572 2549 898 2604 Gtenopbora
927 2554 1348 2603 angustipenuis,
1384 2563 1481 2589 nov.
1511 2562 1567 2604 sp.
1599 2553 1653 2604 ἆ.
1697 2570 1751 2579 -
1796 2550 2003 2589 Antennis

382 2616 694 2673 quadrifariam
729 2617 952 2669 pectinatis
988 2621 1213 2664 instructa,
1249 2616 1375 2670 rusa,
1411 2621 1566 2670 capite,
1604 2617 1719 2656 dorsi
1747 2615 2004 2671 marginibus

381 2684 632 2734 lateralibus,
659 2685 828 2725 scutella
857 2685 1024 2739 angulis
1052 2682 1293 2723 lateralibus
1324 2688 1526 2737 exceptis,
1553 2684 1707 2736 pleuris
1734 2690 1900 2737 praeter
1927 2687 2003 2722 vit-

383 2758 468 2792 tam
497 2753 670 2802 luteam,
699 2758 905 2792 metanoto
933 2751 1237 2806 abdominisque
1274 2751 1381 2791 vinci
1418 2756 1576 2806 nigri-33
1614 2752 1734 2804 pedes
1770 2749 2002 2803 luteo-rufio

296 2858 297 2861 ,
371 2819 588 2871 semorum
620 2818 888 2874 tibiarumque
917 2824 1033 2871 apice
1062 2826 1099 2860 et
1130 2823 1258 2859 tarsis
1289 2819 1563 2859 anterioribus
1592 2823 1749 2873 nigris,
1778 2819 1906 2857 tarsis
1934 2831 2004 2876 po-

382 2892 501 2928 sticis
530 2888 635 2927 laete
662 2888 858 2927 vitellinis
893 2887 988 2927 inde
1022 2886 1070 2926 ab
1110 2887 1280 2927 articuli
1315 2891 1427 2927 tertii
1465 2891 1581 2940 apice
1608 2890 1756 2940 nigris.
1790 2906 1840 2915 -—
1872 2883 2000 2939 Long.

384 2967 496 3010 corp.
526 2954 582 3008 Ἡ·
614 2953 698 3006 lim,
731 2954 840 3009 long.
870 2954 922 2996 al.
953 2954 978 2996 7
1008 2953 1079 2995 lin.

1673 3018 1723 3059 ⁴·
