2432 3616
0 437 20 472 υ,
52 424 146 469 inde
174 442 193 470 a

5 503 71 532 um
99 491 191 536 luto.

0 563 193 613 segmenti

27 626 102 667 tria
138 641 193 669 se-

13 694 191 735 secundo

0 770 38 797 es
77 759 192 814 nigri,

3 822 190 866 tibiarum

0 890 190 944 malinae,

0 1146 187 1197 pectebat,

0 1226 188 1264 ›·aenem‚

0 1293 33 1328 ι,
70 1280 186 1320 abdo-

0 1360 76 1386 mm
104 1362 186 1387 ver-

0 1412 34 1451 io
51 1413 185 1466 femo-

0 1485 44 1527 a,
77 1485 187 1521 venis·

8 1559 116 1600 corp.
134 1547 184 1599 3}

0 1724 1 1729 ,
34 1691 83 1732 V.
116 1693 184 1745 46)

0 1758 184 1810 vlendens‚

8 1826 184 1867 scentia.

4 1906 20 1930 s
44 1893 182 1933 tertius

17 1960 181 2014 o-niger.

5 2026 184 2080 opacis;

4 2104 112 2132 cans
144 2096 182 2131 et

10 2172 80 2208 ns,
116 2157 181 2199 ad-

5 2224 182 2265 tinctius

7 2304 74 2332 are
102 2291 181 2346 ple-

7 2376 13 2395 ·
39 2372 86 2399 en
117 2358 181 2398 ad-

44 2438 181 2465 versus

31 2505 55 2532 o
94 2490 180 2540 rufi,

18 2587 28 2607 ‚
67 2557 182 2599 tarsis

10 2639 43 2665 s
63 2637 180 2666 vena·

30 2692 97 2733 sis.
128 2714 181 2720 --

24 2921 34 2939 ,
63 2892 179 2931 vittis

23 2963 81 3009 is,
109 2973 177 3012 pe-

30 3041 105 3067 eo.
127 3051 175 3058 -

946 298 1161 338 Americae
1188 299 1532 351 septentrionalia.
1994 299 2050 344 87

543 410 685 450 Certae
717 408 971 450 abbreviatae
1007 408 1143 462 (Ceut.
1176 407 1223 449 V.
1263 407 1336 462 48)
1374 409 1612 464 persimilis,
1655 410 1789 464 nigra,
1826 409 2048 467 snbopaca.

431 475 609 530 occiput
639 489 731 518 cum
762 477 917 518 vertice
948 477 1125 531 nigrum,
1163 475 1321 531 postica
1350 481 1484 518 tamen
1515 476 1727 518 oculorum
1758 475 1893 519 orbita
1922 490 2051 533 prope

430 544 625 585 verticem
671 542 841 584 maculis
882 542 1035 584 duabus
1073 542 1188 584 ssavis
1222 542 1376 585 ornata,
1442 542 1573 585 Frons
1611 543 1733 591 flava,
1779 542 1885 586 vitta
1921 543 2050 599 nigra.

433 609 569 651 Facies
599 610 720 658 ssava;
759 615 919 665 praeter
948 609 1095 651 lineam
1126 609 1435 652 transversatem
1466 609 1743 652 tenuissimam
1774 623 1918 665 genae,
1949 610 2052 651 vitta

431 676 563 718 media
610 676 823 718 latinseula
872 682 912 718 et
962 676 1154 732 utrinque
1197 676 1342 719 vittnla
1387 676 1640 726 abbreviata,
1688 677 1739 718 ab
1783 681 2052 719 antennarum

432 744 516 785 basi
546 742 712 797 oblique
743 743 915 785 demissa
948 743 1086 798 nigrae
1117 748 1222 786 sunt.
1273 744 1487 786 Antennae
1508 744 1660 799 nigrae,
1690 742 1920 799 pedunculo
1941 743 2052 786 elon·

430 814 526 865 gato
562 809 697 861 fusco,
734 809 927 851 adversus
964 809 1089 851 basim
1127 810 1238 852 luteo
1276 810 1511 853 insidentes.
1575 809 1740 852 Thorax
1777 810 1914 866 niger,
1950 823 2052 866 pnn-

432 881 586 927 ctatm,
625 876 822 927 humeris,
859 876 1051 931 utrinque
1079 876 1236 918 macula
1267 877 1424 919 laterali
1455 882 1494 919 et
1527 876 1695 929 lineola,
1723 875 1955 933 pleurarum
1986 876 2053 920 de·

433 945 555 1000 nique
586 944 746 986 macula
777 942 921 984 triloba
943 943 1068 985 flavis.
1117 944 1344 986 Scutellum
1366 945 1531 993 ssavum,
1563 944 1645 986 basi
1668 943 1790 999 nigra.
1836 942 2052 985 Abdomen

432 1011 719 1066 cylindricum‚
751 1015 910 1065 praeter
940 1011 1118 1065 posticos
1146 1015 1449 1067 segmentoruni
1481 1011 1683 1067 margines
1712 1009 1917 1051 subtiliter
1945 1024 2052 1052 scro-

433 1077 676 1127 hiematum,
713 1077 896 1133 nigrum;
932 1082 1138 1132 segmenta
1171 1077 1251 1119 duo
1282 1079 1410 1134 prima
1439 1091 1561 1133 quam
1594 1078 1633 1119 in
1665 1077 1785 1118 Gerid
1820 1076 2054 1118 abbreviata

433 1144 638 1198 longiora,
674 1143 756 1184 duo
788 1142 929 1184 ultima
961 1142 1161 1194 breviora,
1190 1145 1245 1186 ita
1275 1149 1322 1186 ut
1352 1145 1577 1186 abdominis
1605 1143 1735 1186 forma
1765 1156 1813 1184 ac
1842 1143 1973 1198 figura
2001 1144 2051 1185 ad

433 1211 594 1251 Gertam
625 1204 900 1265 vespiforunem
938 1214 977 1251 et
1006 1210 1159 1253 similes
1189 1212 1355 1267 propius
1383 1225 1503 1266 quam
1526 1211 1576 1252 ad
1598 1211 1757 1252 Geriam
1778 1210 2052 1253 abbreviatam

433 1277 618 1326 accedam
648 1277 773 1319 latera
801 1278 999 1333 segmenti
1031 1278 1151 1332 primi
1179 1279 1304 1329 Πᾶνας
1332 1283 1537 1334 segmenta
1568 1278 1723 1332 reliqua
1753 1278 1909 1333 postice
1930 1277 2055 1319 flavo-

433 1344 621 1393 fasciola,
657 1345 780 1385 fascia
817 1345 1016 1400 segmenti
1053 1344 1220 1385 secundi
1260 1345 1385 1387 latera
1423 1359 1564 1386 versus
1602 1344 1762 1386 modice
1792 1344 1958 1393 latiore,
1994 1357 2055 1385 se-

434 1411 588 1466 gmenti
626 1411 760 1464 quarti
790 1411 830 1451 in
863 1411 999 1452 medio
1029 1410 1246 1451 abdomine
1277 1412 1427 1453 eximie
1456 1411 1644 1459 dilatata3
1682 1415 1893 1465 praeterea
1921 1410 1964 1451 in
1994 1424 2052 1452 se·

434 1482 601 1533 gunento
631 1483 778 1533 quarto
807 1477 1056 1519 semifasciae
1086 1477 1188 1518 duae
1219 1477 1397 1528 lunatae,
1427 1479 1581 1534 polline
1611 1476 1721 1520 luteo
1751 1490 1937 1533 aspersae
1955 1491 2054 1519 con·

433 1545 673 1599 spiciuntur.
737 1543 1032 1599 Hypopygium
1081 1545 1254 1599 nigrum.
1321 1544 1488 1586 Femora
1538 1544 1740 1586 anteriora
1785 1544 1919 1599 nigra,
1969 1545 2055 1586 basi

435 1612 555 1653 latius
587 1611 702 1662 flavii,
731 1612 847 1667 apice
876 1611 1083 1666 angustius
1115 1610 1244 1660 lute03
1273 1611 1426 1653 femora
1456 1611 1614 1669 postica
1646 1611 1762 1662 flava,
1792 1611 1945 1652 annulo
1964 1610 2056 1652 sub·

435 1677 581 1734 apicali
618 1677 815 1721 latissimo
851 1679 985 1732 πίει-ος
1026 1678 1149 1719 tibiae
1180 1677 1333 1728 luteae,
1364 1679 1545 1733 posticae
1574 1692 1703 1734 prope
1734 1678 1891 1733 apicem
1921 1678 2056 1733 nigro-

436 1746 647 1795 lituratae;
690 1745 787 1786 tarsi
832 1744 1055 1786 anteriores
1101 1743 1221 1794 lutei,
1265 1744 1445 1786 articulis
1482 1745 1736 1786 intermediis
1773 1744 2057 1800 nigro-fuscis,

435 1813 533 1853 tarsi
563 1812 710 1868 postici
742 1812 820 1853 toti
850 1810 1101 1866 nigrosusci.
1152 1810 1252 1852 Alae
1274 1810 1477 1867 hyaHnae,
1506 1812 1679 1854 dimidio
1700 1812 1842 1854 costali
1863 1812 2056 1854 adversus

437 1880 563 1921 basim
609 1878 794 1929 dilutius,
840 1879 1031 1920 adversus
1075 1879 1231 1934 apicem
1277 1879 1495 1920 saturatius
1539 1878 1666 1923 fusco.
1699 1902 1749 1910 —
1795 1878 2056 1933 (Caliiornia;

436 1946 485 1989 H.
508 1945 743 1999 Edwards.)

548 2012 673 2055 Nona
706 2014 742 2054 1.
774 2011 973 2067 Diaguosi
1010 2012 1155 2053 Geriae
1190 2011 1443 2053 abbreviatae
1480 2011 1599 2053 Ceut.
1631 2010 1680 2052 V.
1712 2011 1778 2062 48,
1814 2016 1860 2053 ut
1896 2010 2056 2053 facilius

436 2095 459 2122 a
487 2081 611 2120 Certa
639 2080 815 2120 tridente
845 2078 1135 2134 distinguatur,
1174 2079 1325 2120 addere
1356 2078 1471 2122 velis:
1512 2078 1642 2130 „vitta
1674 2078 1789 2135 nigra.
1816 2078 1933 2121 faciei
1962 2078 2056 2120 sim·

437 2148 543 2203 plice
573 2152 614 2188 et
643 2145 855 2202 angusta“.

548 2213 676 2255 Nota
706 2214 745 2255 2.
768 2214 909 2254 Certae
926 2212 1180 2253 abbreviatae
1199 2213 1405 2268 specimen
1429 2210 1651 2254 masculum
1670 2225 1691 2253 e
1708 2210 1870 2254 Florida
1885 2209 2056 2253 allatum

436 2283 477 2323 in
520 2278 698 2322 thoracis
742 2280 864 2322 dorso
907 2279 1098 2334 utrinque
1142 2293 1262 2335 supra
1300 2280 1454 2320 alarum
1496 2279 1625 2321 basim
1662 2278 1856 2320 lineolam
1895 2279 2056 2330 flavam,

437 2347 603 2404 qualem
633 2348 754 2389 Certa
787 2348 944 2388 tridens
979 2346 1104 2401 gerit,
1143 2346 1372 2388 breviorem
1411 2351 1547 2389 tamen
1585 2350 1626 2387 et
1656 2345 1789 2387 minus
1820 2345 2056 2387 distinctam

439 2415 576 2457 habet

549 2536 617 2578 58.
648 2536 971 2590 Pipunculus
1005 2536 1374 2587 subur-escoves,
1419 2548 1513 2578 nov,
1551 2548 1611 2590 sp.
1651 2534 1704 2585 ἅ.
1735 2557 1786 2565 ·-
1824 2534 1962 2591 Niger
1996 2540 2059 2575 nt·

443 2606 570 2656 tides,
598 2605 780 2645 thoracis
810 2604 931 2645 dorso
959 2603 1243 2659 abdomineque
1271 2602 1646 2653 subvinea-entibus,
1673 2607 1829 2656 puncto
1848 2602 2060 2652 humerali,

439 2671 683 2721 honeribus,
724 2670 894 2726 genibus
936 2677 1219 2727 tar-eorumque
1254 2671 1343 2710 basi
1376 2670 1564 2724 pallidis,
1608 2670 1767 2709 atavum
1802 2670 2060 2723 hyalinarum

438 2742 541 2781 vend
585 2739 881 2794 longitudiaali
925 2739 1103 2779 secunda
1147 2738 1274 2789 brevi,
1318 2739 1513 2793 stigmate
1549 2738 1672 2779 natta.
1700 2750 1743 2769 -‘-
1791 2732 1918 2792 Long.
1947 2748 2059 2790 corp.

441 2806 598 2861 1÷lin.‚
627 2805 737 2862 long.
768 2805 820 2846 al.
852 2806 931 2861 lr⁷÷
949 2805 1020 2846 lin.

550 2886 684 2942 Caput
704 2887 880 2941 nigrum,
902 2886 1038 2927 fronte
1058 2890 1095 2927 ct
1120 2887 1223 2928 facie
1245 2884 1673 2942 candido-pollinosis3
1695 2888 1895 2926 antennae
1910 2883 2061 2937 nigrae,

441 2954 616 2996 articulo
646 2955 769 2995 tertio
799 2954 919 3009 longe
950 2954 1185 2994 acuminato
1224 2959 1264 2995 et
1301 2954 1457 3009 apicem
1488 2966 1629 2995 versus
1659 2950 2060 2997 candido-micante.

440 3021 605 3063 Thorax
636 3023 765 3077 niger,
794 3021 914 3062 dorso
944 3020 1246 3063 subvirescente
1277 3026 1317 3063 et
1340 3020 1482 3072 nitido,
1513 3019 1668 3076 puncto
1691 3017 1889 3060 humen-ali
1908 3017 2061 3073 pallido

443 3093 481 3130 et
507 3089 686 3145 margine
717 3088 872 3131 laterali
902 3088 997 3129 inde
1026 3088 1075 3129 ab
1106 3088 1283 3130 humeris
1313 3101 1441 3143 usque
1471 3088 1520 3129 ad
1551 3087 1633 3128 alas
1663 3090 1848 3143 anguste,
1877 3085 1946 3128 sed
1968 3099 2061 3128 con·
