2640 3600
703 291 757 334 16
1292 293 1346 334 11.
1377 294 1519 334 Locum
1547 293 1728 349 Diptera

699 415 792 445 rum
819 401 987 445 dimidio
1016 402 1142 445 basali
1171 415 1223 444 ex
1252 402 1367 444 luteo
1397 402 1508 443 ruiis.
1569 402 1709 445 Facies
1738 407 1781 444 et
1821 402 1984 458 occiput
2012 402 2317 459 achaeae-pol-

701 469 843 511 linosa.
900 467 1065 523 Mystax
1095 473 1136 510 et
1164 467 1238 523 pili
1266 469 1397 510 totius
1427 467 1571 523 eapitis
1600 468 1708 510 ssavi.
1766 467 1927 510 Primus
1954 472 2225 511 antennarum
2259 482 2319 511 ar-

701 534 852 577 ticulus
879 534 1058 575 secundo
1093 533 1216 589 paulo
1253 534 1436 590 longior,
1476 534 1622 575 tertius
1658 534 1802 588 primis
1836 532 1997 575 duobus
2025 533 2147 575 simul
2175 535 2319 577 sumtis

701 601 826 658 paulo
857 600 1040 649 brevior,
1071 599 1204 654 stylus
1233 599 1457 643 terminalis
1486 612 1657 651 crassus,
1687 599 1820 641 brevis
1849 598 2150 650 obtusissimus,
2186 598 2319 642 biarti-

701 667 875 709 eulatus.
919 664 1088 707 Pleurae
1109 671 1272 722 praeter
1301 666 1599 723 pilosjmaculis
1625 665 1783 721 aliquot
1806 664 2239 720 ochraceo-pollinosis
2258 667 2319 709 in-

701 737 893 776 structae.
951 731 1097 774 Totius
1126 734 1309 789 corporis
1338 732 1465 789 pubes
1501 737 1542 774 et
1577 731 1730 787 pedum
1767 735 1879 773 setae
1907 731 2061 780 flavae,
2096 744 2227 773 coxae
2254 745 2320 774 an·

701 801 810 842 ticae
835 799 930 856 pilis
960 798 1156 841 confertis
1185 800 1301 841 ssavis
1320 799 1506 841 vestitae.
1566 797 1753 840 Halteres
1777 797 1889 839 lutei.
1947 796 2051 839 Alae
2079 797 2321 853 nigro-cine·

701 879 810 918 reae,
837 866 1029 907 adversus
1057 865 1250 921 angulum
1272 866 1476 920 posticum
1496 864 1626 916 albae,
1655 864 1769 906 venis
1799 863 1944 918 nigris,
1973 862 2068 905 inde
2097 876 2120 904 a
2151 862 2237 906 basi
2257 878 2319 907 us-

702 946 784 987 que
812 932 862 974 ad
893 932 1066 973 mediam
1095 932 1199 974 alam
1229 936 1401 986 anguste
1434 930 1760 988 nigro-limbatis.

815 998 1063 1040 Foemina.
1122 997 1224 1039 Mari
1260 997 1491 1048 simillima,
1528 997 1601 1039 sed
1640 997 1871 1047 robustior,
1901 995 2123 1038 abdomine
2160 995 2320 1048 latiore,

702 1063 857 1119 polline
891 1062 1033 1112 faciei,
1069 1065 1257 1119 occipitis
1294 1069 1335 1106 et
1365 1064 1612 1121 pleurarum,
1640 1062 1985 1118 quemadmodum
2024 1061 2131 1118 pube
2160 1066 2202 1104 et
2229 1062 2321 1117 pilis

703 1131 832 1172 totius
861 1130 1044 1185 corporis
1071 1129 1203 1171 multo
1231 1131 1528 1186 pallidioribuS,
1558 1130 1633 1171 alis
1662 1129 1899 1185 majoribus,
1929 1128 2234 1183 subaequaliter
2261 1130 2321 1170 ni-

702 1196 979 1253 gro-cinereis,
1007 1196 1198 1238 adversus
1227 1197 1419 1253 angulum
1448 1197 1652 1253 posticum
1682 1195 2106 1251 paulo-dilatioribus,
2135 1195 2208 1238 sed
2237 1209 2320 1238 non

705 1261 822 1303 albis.
852 1284 906 1293 —
935 1260 1186 1315 (Nebraska3
1215 1262 1423 1318 Heyden.)

759 1327 899 1370 Nota.
958 1328 1226 1383 Echthodopa
1254 1343 1277 1370 a
1298 1330 1496 1371 Dioctrid
1521 1343 1603 1370 non
1635 1329 1785 1379 differt,
1817 1329 1894 1370 nisi
1914 1329 2065 1370 triente
2094 1326 2237 1370 infimo
2265 1328 2321 1370 fa-

816 1394 893 1436 ciei
925 1408 1114 1436 convexo
1144 1399 1186 1435 et
1214 1400 1398 1450 mystace
1433 1396 1560 1437 denso
1590 1396 1761 1447 vestito,
1791 1394 2015 1436 femoribus
2044 1394 2222 1450 denique
2249 1409 2322 1451 po-

816 1461 1058 1502 sterioribus
1096 1465 1138 1502 et
1171 1462 1284 1503 tibiis
1314 1463 1505 1503 omnibus
1540 1466 1707 1517 praeter
1735 1461 1841 1516 pilos
1869 1462 1971 1502 setis
2003 1461 2216 1513 brevibus,
2250 1462 2322 1503 sed

817 1526 964 1568 validis
991 1527 1213 1568 instructis.
1291 1529 1573 1569 Antennarum
1603 1527 1750 1578 forma,
1780 1526 1934 1569 alarum
1965 1540 2095 1569 venae
2124 1531 2168 1569 et
2194 1528 2323 1584 pubes

819 1593 1009 1636 tibiarum
1039 1593 1288 1649 poeticarum
1318 1594 1488 1635 omnino
1517 1593 1686 1635 eaedem
1714 1597 1839 1647 atque
1868 1593 1908 1633 in
1939 1594 2149 1649 Dioetria.

817 1716 887 1758 28.
936 1716 1260 1771 Pygostolus
1297 1715 1598 1771 argentifer
1637 1728 1731 1755 nov.
1764 1729 1824 1770 sp.
1875 1712 1929 1760 0⁷⁸.
1986 1715 2137 1772 Niger,
2167 1717 2323 1757 ultimis

705 1782 863 1824 duobus
891 1782 1119 1823 abdominis
1148 1787 1369 1837 segmentis
1398 1782 1855 1837 argenteo-pullinosi3‚
1884 1783 2034 1827 lumine
2059 1797 2143 1824 non
2170 1783 2324 1837 reflexo

704 1851 835 1899 atris,
865 1849 958 1888 alae
986 1848 1237 1903 infuscatae,
1267 1849 1355 1889 basi
1386 1847 1567 1901 loyalinei,
1596 1849 1836 1888 vernularum
1864 1850 2201 1890 transversutium
2230 1851 2322 1890 lim-

705 1917 769 1957 bis
796 1915 1116 1972 nigricantibus,
1144 1917 1274 1956 litura
1303 1915 1451 1956 costati
1469 1914 1767 1969 flasco-nigra.
1801 1936 1851 1943 -
1884 1914 2011 1971 Long.
2042 1929 2154 1969 corp.
2184 1917 2209 1956 4
2240 1915 2324 1966 lin„

705 1981 835 2038 Long.
869 1981 920 2023 al.
951 1982 1004 2033 32}
1034 1981 1108 2022 lin.

816 2059 954 2114 Niger.
1011 2057 1149 2113 Caput
1177 2058 1385 2108 concolor,
1413 2057 1547 2099 fronte
1568 2057 1726 2113 polline
1745 2059 1954 2109 subfusco,
1981 2059 2086 2100 facie
2106 2057 2324 2100 subochra·

707 2140 782 2168 ceo
811 2124 1003 2181 aspersis;
1040 2129 1205 2178 mystax
1246 2124 1383 2174 albus,
1412 2138 1542 2179 prope
1572 2126 1656 2166 oris
1692 2127 1916 2180 marginem
1943 2125 2197 2176 fulvescens,
2225 2124 2324 2166 setis

706 2192 866 2248 paucis,
902 2191 1033 2232 dilute
1069 2190 1282 2231 subfuseis.
1340 2190 1556 2232 Antennae
1596 2192 1755 2246 nigrae,
1792 2186 1964 2232 articulo
1999 2192 2123 2232 tertio
2168 2191 2325 2232 breviu-

707 2258 822 2300 sculo
861 2261 904 2299 et
934 2256 1216 2308 validiusculo,
1245 2257 1357 2310 stylo
1390 2256 1591 2298 terminali
1623 2257 1834 2298 dimidiam
1862 2257 2025 2298 articuli
2054 2257 2167 2298 tertii
2195 2256 2324 2311 longi-

706 2325 893 2366 tudinem
922 2323 1084 2363 modice
1112 2328 1343 2378 superante.
1400 2322 1595 2364 Thoracis
1628 2323 1794 2364 dorsum
1822 2324 1999 2378 nigrum,
2028 2322 2326 2365 obsoletissime

708 2392 913 2433 vittatum.
969 2389 1188 2430 Abdomen
1218 2391 1392 2445 nigrum,
1421 2389 1612 2439 nitidum,
1645 2389 1813 2431 maculis
1843 2391 2070 2445 marginum
2097 2386 2325 2431 lateralium

708 2455 1103 2512 albido·pollinosis,
1139 2458 1358 2511 segmentis
1397 2456 1551 2497 ultimis
1587 2456 1747 2496 duobus
1788 2457 1885 2497 totis
1913 2456 2085 2510 pulchre
2115 2459 2326 2510 argenteo-

707 2523 943 2578 pollinosis,
987 2521 1143 2563 lumine
1183 2538 1264 2564 non
1296 2523 1449 2564 reflexo
1480 2522 1578 2563 atris
1608 2526 1651 2563 et
1680 2522 1831 2576 opacis.
1889 2521 2020 2563 Pedes
2050 2522 2172 2571 badii,
2200 2521 2327 2563 femo-

709 2589 820 2631 ribus
849 2593 1011 2644 praeter
1038 2589 1194 2643 apicem
1224 2590 1360 2644 nigris.
1417 2588 1519 2629 Alae
1539 2588 1777 2638 infuscatae,
1809 2589 1957 2630 triente
1987 2587 2110 2628 basali
2141 2587 2326 2642 hyalino,

709 2655 833 2697 litura
864 2654 1006 2696 costali
1036 2655 1182 2709 stigma
1212 2655 1451 2696 includente
1469 2654 1722 2707 fusco-nigra
1741 2654 1959 2707 limbisque
1981 2667 2177 2695 venarum
2197 2659 2325 2695 trans-

709 2721 930 2764 versalium
960 2721 1264 2775 nigricantibus.
1293 2747 1345 2753 —
1375 2721 1571 2773 (District
1599 2719 1839 2770 Columbia3
1868 2719 2216 2771 Osten-Sacken.)

764 2787 908 2830 Nota.
965 2788 1222 2843 Pygostotus
1257 2802 1279 2829 a
1316 2787 1484 2840 reliquis
1511 2787 1935 2841 Dasypogoninorum
1964 2786 2199 2841 generibus,
2228 2801 2326 2842 quo·
2378 2784 2389 2794 ”

822 2868 913 2895 rum
951 2853 1073 2895 tibiae
1108 2855 1267 2895 anticae
1306 2853 1462 2894 calcare
1498 2857 1677 2893 armatae
1712 2858 1831 2903 sunt,
1876 2853 2095 2894 abdomine
2133 2854 2325 2909 depresso

823 2926 866 2962 et
900 2921 942 2961 in
980 2933 1090 2961 mare
1125 2920 1318 2961 adversus
1348 2920 1506 2975 apicem
1542 2919 1687 2960 latiore
1724 2919 1918 2961 facillime
1954 2920 2239 2974 distinguitur3
2265 2920 2321 2961 fa-

823 2988 905 3028 cies
933 2986 1032 3037 lata,
1071 3000 1156 3027 non
1184 2986 1462 3035 tuberculata;
1505 2986 1655 3026 thorax
1691 2986 1858 3040 gibbus;
1900 2986 2105 3027 abdomen
2134 2986 2328 3040 utrinque

824 3052 993 3094 maculis
1021 3051 1310 3108 marginalibus
1339 3052 1721 3107 albida-pollinosis
1751 3056 1960 3104 ornatum
1990 3052 2217 3095 abdominis
2245 3066 2327 3095 ma-

2618 414 2640 573 ΕΒΗ

2614 734 2640 963 ΩἙΕΕ

2616 1064 2640 1106 Ξ

2614 1145 2640 1637 ffqqgssffssmss

2613 1727 2639 2098 —fflfl-'O‘t-fl,
