2616 3568
721 283 800 324 1⁴⁴
1297 283 1348 322 ΙΙ.
1379 283 1520 323 Loew:
1548 282 1728 335 Diptera

720 392 863 444 fuscis,
906 392 1048 434 subtus
1085 392 1229 433 bediis.
1287 390 1506 433 Proboscis
1536 392 1670 446 nigra,
1707 391 1819 447 palpi
1847 390 1977 433 dilute
2004 391 2109 433 ssavi.
2165 389 2329 433 Thorax

720 461 848 514 niger,
877 457 1184 513 luteo-pilosus,
1222 456 1455 510 pleurarum
1487 456 1657 498 maculis
1686 457 1865 506 duabus,
1901 458 2034 500 altera
2062 457 2240 499 difformi
2268 470 2331 498 su-

722 539 794 582 pra
832 538 955 567 coxas
991 525 1169 573 anticas,
1204 522 1330 564 altera
1361 523 1537 563 rotunda
1568 527 1663 564 ante
1691 522 1797 573 alas,
1834 524 1959 565 ssavis.
2016 523 2243 566 Scutellum
2274 525 2331 564 ni-

721 605 852 647 grum,
878 589 1004 634 limbo
1034 590 1178 645 apicati
1213 589 1298 630 lato
1335 589 1607 642 dentibusque
1642 587 1833 630 brevibus
1870 603 1922 630 ex
1959 590 2064 630 ssavo
2101 591 2332 631 virescenti-

723 660 814 707 bus,
843 660 1029 697 extremo
1061 656 1207 697 borum
1236 656 1350 710 apice
1379 655 1507 709 nigro.
1584 654 1801 696 Abdomen
1832 656 2006 710 nigrum,
2035 656 2216 711 margine
2244 660 2333 697 toto

722 726 1108 778 segmentorumque
1136 722 1320 771 secundi,
1353 721 1464 762 tertii
1495 724 1536 760 ei·
1574 721 1709 774 quarti
1745 721 1879 762 limbis
1909 722 2075 777 posticis
2104 722 2185 762 late
2213 722 2334 762 inter-

721 789 855 844 ruptis
882 802 934 829 ex
964 788 1071 829 flavo
1102 787 1415 836 virescentibus,
1453 786 1515 826 his
1551 787 1591 827 in
1628 792 1840 841 segmento
1877 788 2058 829 secundo
2088 789 2128 829 in
2159 787 2335 828 maculas

722 854 1019 909 subtriangulas
1050 854 1242 904 dilatatis,
1271 854 1311 893 in
1340 856 1549 908 segmento
1579 858 1725 906 quarto
1755 852 2038 895 subobsoletis.
2097 853 2252 895 Venter
2273 858 2335 894 to-

724 928 790 965 tus
818 935 869 963 ex
901 921 1006 961 ssavo
1036 921 1254 962 virescens.
1312 917 1439 959 Pedes
1477 917 1599 966 lutei,
1642 920 1760 960 tarsis
1804 919 1896 959 inde
1939 919 1990 960 ab
2026 920 2189 960 articuli
2216 920 2334 975 primi

724 989 840 1045 apice
868 986 1138 1041 nigro-fuscis,
1169 984 1330 1026 articuli
1359 983 1526 1025 secundi
1558 984 1643 1025 basi
1674 989 1811 1025 tamen
1843 985 2047 1026 dilutiore.
2106 986 2209 1027 Alae
2236 998 2338 1041 pure

726 1054 930 1110 hyalinae,
959 1053 1074 1093 venis
1103 1051 1369 1093 validioribus
1399 1050 1622 1100 ochraceis,
1652 1050 1938 1106 longitudinali
1969 1052 2088 1093 tertia
2119 1053 2159 1093 in
2190 1052 2252 1092 ala
2281 1052 2336 1092 al-

723 1121 812 1163 tera
839 1118 1038 1174 simplice,
1066 1118 1106 1158 in
1137 1118 1269 1159 altera.
1296 1115 1442 1157 ramuli
1472 1116 1705 1157 rudimento
1734 1116 1921 1158 obsoleto
1950 1118 2164 1169 instructa,
2191 1118 2337 1160 cellula

725 1184 934 1229 discoidali
970 1197 1095 1225 venas
1131 1183 1232 1224 duas
1267 1182 1501 1230 emittente,
1537 1195 1708 1235 quarum
1746 1184 1925 1224 anterior
1960 1198 2089 1240 prope
2123 1184 2249 1225 basim
2278 1189 2336 1225 te-

725 1252 930 1295 nuissima.
960 1271 1014 1280 —
1043 1248 1266 1299 (Hudson's
1295 1247 1382 1302 Bay
1412 1246 1646 1301 Territor53
1677 1247 1915 1302 Kennicot.)

836 1316 1083 1359 Foemina.
1141 1314 1277 1369 Caput
1305 1314 1468 1362 ssavum,
1497 1314 1673 1369 occipite
1695 1319 1855 1370 praeter
1874 1318 2029 1358 orbitas
2058 1318 2195 1371 nigr03
2224 1316 2337 1357 frons

726 1385 844 1440 nigro
874 1380 1237 1437 quadrimaculata,
1268 1379 1435 1420 maculis
1464 1381 1620 1434 superis
1649 1393 1742 1421 cum
1766 1382 1924 1424 macula
1944 1384 2097 1424 minuta
2117 1382 2229 1438 nigra
2252 1396 2338 1422 ver-

726 1451 819 1493 ticis
848 1447 1161 1499 confluentibus,
1190 1447 1248 1487 ita
1279 1450 1325 1487 ut
1344 1446 1507 1487 fasciam
1529 1446 1720 1499 utrinque
1740 1446 1953 1488 oculorum
1974 1450 2193 1504 marginem
2214 1461 2341 1503 prope

727 1517 997 1571 attingentem
1034 1513 1305 1562 constituant,
1348 1511 1517 1553 maculis
1546 1511 1684 1553 inseris
1721 1512 1888 1566 oblique
1925 1514 2079 1563 ductis,
2122 1515 2164 1555 in
2208 1514 2338 1555 media

726 1584 862 1625 fronte
888 1578 1183 1633 subcontiguis,
1212 1579 1404 1631 utrinque
1433 1579 1658 1632 marginem
1682 1578 1894 1620 oculorum
1915 1579 2222 1635 attingentibus.
2269 1579 2339 1620 Fa-

727 1649 809 1698 cies
847 1646 1009 1689 modicc
1046 1645 1300 1700 prominens.
1341 1657 1547 1694 convexa,
1591 1644 1749 1685 macula
1797 1645 1995 1700 triangula
2032 1645 2147 1701 nigra
2183 1649 2337 1686 ornata.

726 1712 942 1756 Proboscis
979 1712 1114 1765 nigra,
1152 1709 1259 1765 palpi
1298 1709 1426 1750 dilute
1463 1710 1568 1750 ssavi.
1625 1709 1823 1752 Thoracis
1852 1711 2017 1753 dorsum
2046 1713 2222 1765 nigrum,
2249 1710 2342 1752 sub-

727 1782 1160 1827 aureo-tomentosum,
1188 1776 1345 1831 angulis
1374 1776 1539 1831 posticis
1569 1790 1621 1817 ex
1649 1777 1757 1817 ssavo
1787 1777 2094 1819 virescentibus.
2172 1776 2343 1819 Pleurae

728 1861 781 1889 ex
808 1846 915 1887 flavo
943 1844 1214 1891 virescentes,
1245 1842 1403 1883 macula
1431 1842 1577 1897 magna
1604 1843 1739 1897 nigra,
1770 1856 1861 1883 cum
1891 1844 2033 1885 colore
2060 1845 2179 1898 nigro
2207 1849 2344 1899 pecto-

728 1913 785 1954 ris
815 1911 1073 1952 cohaerente.
1148 1907 1375 1949 Scutellum
1405 1908 1589 1963 nigrum,
1626 1908 1754 1949 limbo
1784 1909 1926 1963 apicati
1959 1911 2042 1950 lato
2072 1909 2342 1965 dentibusque

728 1978 866 2034 parvis
894 1990 947 2018 ex
976 1977 1085 2016 flavo
1115 1973 1430 2024 virescentibus,
1469 1979 1653 2015 extremo
1689 1974 1836 2016 horum
1872 1977 1989 2031 apice
2016 1976 2146 2032 nigro.
2203 1976 2341 2018 Abdo-

728 2057 823 2086 men
852 2044 1024 2097 nigrum,
1054 2040 1305 2096 marginibus
1331 2041 1634 2095 segmentorum
1654 2040 1907 2095 singulorum
1935 2042 2169 2083 lateralibus
2196 2055 2341 2096 aequa-

727 2110 837 2160 liter,
866 2109 1033 2165 posticis
1063 2105 1366 2160 subaequaliter
1395 2118 1448 2145 ex
1476 2106 1582 2146 ssavo
1610 2106 1917 2148 virescentibus.
1977 2107 2133 2149 Venter
2149 2112 2261 2149 totus
2291 2122 2342 2149 ex

728 2176 837 2217 flavo
866 2174 1083 2215 virescens.
1141 2171 1272 2213 Pedes
1307 2170 1410 2211 lutei
1445 2172 1562 2223 (tarsi
1601 2173 1642 2213 in
1677 2172 1901 2226 specimine
1931 2174 2136 2229 descripto
2165 2173 2343 2225 desunt).

729 2240 832 2283 Alae
862 2253 963 2296 pure
991 2239 1198 2294 hyalinae,
1230 2237 1343 2279 venis
1372 2237 1635 2279 validioribus
1655 2238 1878 2289 ocliraceis,
1907 2238 2195 2294 longitudinali
2223 2240 2343 2280 tertia

729 2306 889 2348 ramulo
925 2305 1145 2364 instructa,
1184 2303 1330 2346 cellula
1365 2303 1581 2345 discoidali
1611 2318 1734 2345 venas
1771 2304 1869 2346 duas
1898 2306 2134 2356 emittente,
2172 2318 2344 2358 quarum

731 2372 912 2414 anterior
946 2385 1076 2427 prope
1112 2370 1238 2413 basim
1277 2370 1511 2411 tenuissima
1549 2374 1624 2410 est.
1652 2393 1706 2399 ——
1744 2369 1963 2423 (Hudson's
1992 2370 2080 2425 Bay
2109 2370 2343 2426 Territory;
2413 2372 2421 2375 ”

732 2437 972 2490 Kennicot.)

788 2503 928 2546 Nota.
987 2503 1072 2545 Mas
1101 2508 1141 2545 et
1169 2504 1362 2552 foemina,
1392 2517 1495 2558 quos
1524 2503 1738 2559 descripsi,
1775 2504 1916 2545 eodem
1946 2509 2133 2558 tempore
2161 2518 2184 2545 a
2213 2504 2346 2545 claris-

843 2570 945 2611 simo
973 2568 1178 2612 Kennicot
1207 2583 1335 2625 prope
1364 2569 1492 2620 „Fort
1519 2569 1795 2611 Resolution⁶⁶
1825 2572 1933 2625 capti
1962 2575 2082 2622 sunt,
2110 2584 2204 2611 cum
2233 2572 2345 2624 signa

844 2635 1107 2677 abdominum
1136 2650 1279 2678 eorum
1308 2635 1409 2676 adeo
1439 2635 1642 2684 differant,
1671 2636 1739 2677 diu
1764 2636 1908 2677 dubius
1938 2636 2050 2677 haesi
2079 2641 2216 2678 utrum
2245 2650 2347 2677 sexu

844 2706 1006 2744 tantum
1036 2715 1088 2743 an
1124 2702 1261 2759 specie
1297 2716 1367 2745 eos
1406 2703 1567 2744 differre
1606 2702 1903 2753 existimarem3
1938 2702 2012 2744 sed
2052 2707 2268 2757 tantopere
2305 2704 2348 2742 in

844 2768 989 2811 ceteris
1025 2768 1135 2809 notis
1174 2774 1427 2824 congruunt,
1463 2773 1510 2809 ut
1544 2768 1725 2823 priorem
1764 2769 2003 2823 opinionem
2039 2768 2230 2824 amplecti
2260 2781 2347 2823 per-

847 2847 1022 2876 movear.

845 2969 913 3010 25.
944 2969 1284 3022 Odoniomyia
1310 2968 1516 3024 rufipes
1544 2981 1639 3008 noV.
1660 2982 1722 3023 sp.
1752 2965 1807 3013 0⁷.
1856 2969 2002 3021 Capile
2020 2969 2263 3022 thoraceque
2282 2972 2345 3007 to-

734 3039 792 3076 tis
817 3039 968 3091 nigris,
996 3035 1166 3075 scutella
1194 3034 1480 3089 abdomineqtoe
1493 3035 1643 3089 flavis,
1671 3035 1761 3074 basi
1789 3039 1923 3075 lamen
1942 3035 2069 3085 iuius,
2098 3034 2221 3086 liujus
2238 3032 2347 3074 vimi
