2552 3584
594 339 675 386 1⁴8
1181 336 1233 376 ΙΙ.
1263 335 1404 376 Lm.-
1433 333 1614 387 Diplem

595 451 749 493 vertice
778 453 821 491 et
849 447 1061 504 superiore
1090 445 1276 501 occipitis
1306 444 1474 486 dimidio
1504 443 1785 500 nigro-luscis.
1844 444 2061 487 Antennse
2090 442 2205 500 palli·

595 517 683 567 dae,
711 531 832 573 scapo
863 515 1056 556 adversus
1086 512 1242 568 apicem
1282 512 1519 567 nigricante.
1576 509 1773 553 Thoracis
1803 511 1967 554 dorsum
1999 512 2113 552 vittis
2141 512 2207 553 tri-

596 585 671 626 bus
701 584 838 638 nigris,
867 581 1021 637 poetice
1052 579 1367 629 confluentibus,
1398 579 1533 619 antice
1562 579 1834 633 subsejunctis
1864 583 1904 620 et
1933 580 2211 635 maximopere

595 650 837 692 abbreviatis
866 648 1061 704 pingitur.
1121 645 1350 689 Scutellum
1382 648 1562 702 nigrum;
1590 645 1852 687 metathorax
1879 659 1971 687 cum
2002 646 2212 688 tuberibus

596 715 826 757 lateralibus
855 714 994 756 colore
1025 713 1278 768 nigro-fusco
1313 714 1498 769 tingitur3
1528 714 1636 755 idem
1658 712 1772 754 color
1793 713 1919 754 basim
1950 712 2105 754 alarum
2129 714 2211 755 cin-

594 784 664 838 git.
724 782 941 824 Abdomen
971 780 1205 837 speciminis
1235 781 1441 821 immaturi
1475 781 1693 836 vestigium
1724 784 1882 821 tantum
1909 780 2125 821 fasciarum
2155 780 2212 821 su-

595 863 754 890 scarum
785 848 977 890 ostendit.
1037 846 1167 888 Pedes
1204 862 1226 890 a
1265 848 1434 903 pedibus
1464 848 1592 900 Lejae
1620 848 1857 887 soror-molae
1892 860 1974 888 non
2006 846 2213 892 differunt,

597 916 672 957 nisi
704 916 821 957 tarsis
852 916 1019 971 posticis
1049 915 1148 955 totis
1178 914 1314 956 l'uscis.
1387 914 1490 955 Alae
1520 928 1569 956 ex
1603 915 1715 956 luteo
1745 915 1874 956 dilute
1902 914 2214 964 cinerascentes,

596 984 708 1039 apice
738 983 819 1023 late
850 983 985 1032 fusco,
1023 983 1080 1022 ita
1112 985 1157 1022 ut
1185 982 1363 1023 ramulus
1393 981 1573 1022 anterior
1603 994 1730 1023 venae
1760 979 2070 1036 longitudinalis
2099 993 2215 1035 quar-

599 1056 663 1090 tac
695 1054 803 1090 totus
835 1050 875 1089 in
906 1048 1088 1090 colorem
1129 1049 1286 1104 nigrum
1326 1048 1538 1089 immersus
1573 1049 1646 1099 ³513
1687 1062 1787 1090 vena
1818 1046 2127 1103 longitudinalis
2158 1047 2214 1088 ul·

598 1118 695 1158 tima
728 1117 885 1172 postice
915 1116 1107 1157 distincte
1137 1115 1274 1156 colore
1304 1115 1416 1156 fusco
1446 1114 1729 1165 adumbratur,
1760 1114 1906 1157 cellula
1934 1115 2139 1171 posterior
2157 1128 2215 1156 se·

598 1185 751 1234 cunda,
788 1185 829 1224 in
872 1183 958 1223 basi
989 1182 1070 1223 late
1100 1187 1263 1236 aperta,
1302 1196 1424 1236 quam
1454 1182 1625 1224 cellulae
1654 1183 1889 1237 posterioris
1918 1182 2073 1238 primae
2101 1181 2215 1222 dimi-

601 1251 713 1292 dium
745 1250 876 1291 multo
908 1250 1072 1291 brevior
1107 1252 1180 1290 est.
1214 1272 1263 1281 —
1297 1248 1470 1301 (Middle
1497 1248 1671 1302 Slates.)

712 1316 852 1359 Nota.
912 1318 1040 1369 Lejoe
1069 1315 1325 1357 abbreviatae
1353 1317 1541 1372 exempla
1574 1323 1731 1358 matura
1752 1316 1939 1367 eandem,
1969 1329 2091 1372 quam
2112 1316 2218 1368 Lejo

652 1384 865 1425 sororcula
894 1382 1036 1434 habet,
1081 1384 1279 1438 picturam
1320 1383 1467 1425 babere
1502 1384 1707 1439 suspicor-5
1749 1383 1907 1424 alarum
1949 1396 2054 1438 apex
2098 1382 2217 1423 latins

655 1451 808 1501 fuscus,
847 1449 1028 1491 ramulus
1063 1450 1245 1490 anterior
1282 1463 1408 1492 venae
1446 1450 1753 1505 longitudinalis
1783 1454 1952 1504 quartae
1983 1449 2149 1491 brevior
2176 1453 2218 1490 et

656 1517 842 1567 validior,
873 1516 977 1557 basis
1006 1517 1186 1569 denique
1215 1516 1388 1559 cellulae
1416 1518 1655 1573 posterioris
1690 1518 1894 1559 secundae
1929 1518 2051 1559 latius
2079 1521 2217 1572 aperta

656 1586 802 1637 Lejam
831 1583 1106 1624 abbreviatam
1134 1596 1157 1624 a
1184 1586 1398 1625 sororcula
1427 1590 1542 1626 certo
1572 1585 1811 1640 distingunt.

711 1707 775 1747 34.
809 1708 1056 1747 Acnemin
1082 1707 1277 1761 psyllo,
1309 1720 1402 1747 noV.
1425 1721 1487 1761 sp.
1516 1707 1572 1758 dl.
1606 1730 1656 1737 —
1688 1707 1848 1763 Nigra,
1877 1708 2079 1748 stulterum
2108 1710 2218 1759 eopi-

599 1775 685 1815 lulo
720 1775 952 1824 concolor-e,
989 1779 1108 1814 coccis
1143 1774 1390 1829 pedibusque
1415 1774 1735 1824 flavescentibus.
1771 1797 1825 1806 -
1864 1773 1990 1828 Long.
2022 1787 2133 1829 corp.
2170 1773 2217 1826 l}

599 1841 686 1891 lin„
717 1840 827 1896 long.
859 1841 910 1882 al.
944 1841 988 1894 lg
1021 1841 1093 1881 lin.

708 1919 851 1976 Nigra,
882 1919 1033 1970 nitida,
1064 1919 1157 1974 pilis
1187 1919 1368 1975 pallidis,
1405 1920 1602 1962 adversus
1631 1922 1788 1976 apicem
1818 1920 2049 1962 abdominis
2078 1918 2220 1960 obscu-

600 1987 777 2029 rioribus
806 1987 964 2028 vestita.
1024 1985 1157 2041 Caput
1188 1986 1398 2037 concolor,
1426 1988 1616 2029 antennis
1637 1988 1913 2043 fusco-nigris,
1941 1987 2135 2028 adversus
2155 1985 2221 2026 ba·

599 2054 674 2096 sim
713 2053 843 2095 dilutc
880 2053 1081 2094 subfuscis
1121 2053 1182 2095 vel
1224 2054 1358 2096 luteis.
1423 2053 1721 2110 Hypopygium
1759 2054 2049 2108 majusculum,
2083 2054 2220 2107 nigro-

600 2121 773 2162 fuscum.
831 2119 974 2161 Coxae
1003 2125 1046 2161 et
1077 2120 1201 2175 pedes
1237 2122 1525 2172 flavescentes,
1561 2121 1892 2163 troclianteribus
1922 2124 2077 2177 puncto
2104 2121 2221 2173 nigro

600 2188 764 2236 notatis,
795 2185 986 2228 tibiarum
1008 2187 1235 2229 calcaribus
1254 2188 1385 2238 ssavis,
1416 2187 1533 2228 tarsis
1553 2187 1766 2229 subfuscis.
1826 2186 2039 2229 Halterum
2068 2186 2224 2242 pedun-

600 2253 715 2294 culus
744 2253 989 2303 ssavescens,
1019 2253 1244 2308 capitulum
1274 2255 1449 2309 nigrum.
1509 2254 1609 2296 Alae
1638 2254 1949 2303 cinerescentes,
1983 2254 2097 2296 venis
2127 2252 2223 2294 vali-

604 2319 787 2361 dioribus
815 2320 952 2371 fuscis,
982 2320 1238 2363 tenuioribus
1269 2321 1401 2363 dilute
1429 2321 1641 2363 subfuscis.
1673 2344 1717 2352 —
1754 2320 2023 2376 (Maryland.)

711 2442 778 2483 35.
810 2442 1042 2483 Docosia
1073 2443 1312 2494 diebu-oa,
1342 2458 1436 2486 nov.
1467 2458 1527 2500 sp.
1557 2444 1599 2495 ἅ
1621 2448 1664 2486 et
1683 2442 1728 2488 9.
1751 2467 1799 2475 -
1824 2442 1981 2499 Nigra,
2011 2441 2223 2483 abdomine

601 2509 714 2564 ruso,
745 2510 979 2565 hypopygio
1007 2515 1138 2550 maris
1166 2526 1256 2552 cum
1285 2512 1442 2552 ultimis
1476 2511 1629 2551 duobus
1658 2510 1884 2551 abdominis
1912 2515 2133 2566 segmentis
2160 2513 2220 2550 ni-

596 2591 699 2630 gro,
734 2576 902 2630 pedibus
938 2579 1070 2617 luteis.
1110 2600 1160 2608 —-
1198 2577 1326 2632 Long.
1358 2592 1468 2634 corp.
1511 2578 1720 2632 li-¹1·⁷¹1
1751 2577 1843 2629 lin.,
1880 2577 1988 2634 long.
2020 2576 2072 2619 al.
2108 2577 2221 2630 13·—

603 2644 655 2697 l-i·
687 2642 756 2685 lin.

712 2721 850 2777 Caput
888 2722 1069 2777 nigrum;
1108 2727 1311 2764 antennae
1349 2721 1611 2772 concolores;
1647 2721 1758 2778 palpi
1796 2721 1898 2764 fusci
1932 2722 2001 2764 vel
2029 2721 2221 2763 subfusci.

600 2787 764 2830 Thorax
795 2793 909 2830 fotus
938 2793 1027 2830 ater
1055 2792 1096 2828 et
1127 2788 1293 2830 nitidus.
1353 2788 1569 2830 Abdonien
1604 2788 1808 2831 foeminae
1838 2794 1969 2831 totum
2000 2803 2051 2831 ex
2081 2788 2222 2830 ochra·

601 2868 675 2896 ceo
705 2854 855 2906 rufum,
885 2855 1007 2897 maris
1038 2861 1248 2908 segmenta
1279 2855 1359 2896 duo
1389 2854 1531 2895 ultima
1560 2859 1602 2897 et
1633 2855 1919 2913 liypopygium
1949 2860 2049 2898 atra.
2093 2855 2223 2898 Pedes

601 2934 693 2962 cum
731 2922 847 2963 coxis
884 2937 935 2964 ex
973 2921 1174 2963 ocbraceo
1203 2922 1330 2972 lutei,
1366 2922 1484 2963 tarsis
1521 2922 1666 2963 anticis
1705 2923 1800 2966 inde
1829 2923 1879 2964 ab
1908 2922 2070 2965 articuli
2100 2923 2221 2979 primi

600 2988 729 3043 apice,
757 2989 1055 3043 posterioribus
1088 2989 1184 3030 totis
1212 2989 1348 3031 fuscis.
1408 2987 1595 3031 Halteres
1617 2988 1729 3033 lutei.
1788 2989 1890 3032 Alae
1919 2989 2126 3046 hyalinse‚
2155 3003 2221 3031 ve-

601 3054 662 3095 nis
691 3054 1057 3110 longitudinalibus
1097 3055 1229 3111 prima
1265 3060 1308 3097 et
1338 3056 1460 3098 terti&
1495 3068 1587 3097 cum
1620 3056 1770 3098 venula
1800 3056 2032 3099 transversa
2059 3057 2221 3099 ordina·

602 3122 674 3171 ria,
703 3122 853 3164 venula
884 3121 1115 3164 transversa
1144 3122 1366 3165 subcostali
1395 3127 1436 3165 et
1468 3122 1568 3165 vena
1599 3122 1747 3165 costali
1776 3124 1914 3179 nigris.
1942 3147 1999 3155 —
2028 3123 2221 3178 (District

601 3186 835 3241 Columbia3
866 3188 1212 3244 Oeten-Sacken.)

2536 691 2552 1386 —fl-—n——mfl—n-

2534 1550 2552 1840 ,QQQQ
