2456 3600
575 265 630 305 66
1083 267 1085 270 ’
1173 264 1225 305 ΙΙ.
1256 265 1392 305 Loew:
1427 263 1602 318 Dipteru

575 376 845 431 longitudine,
874 381 913 417 et
944 377 1086 417 tertius
1115 389 1199 416 non
1228 376 1273 419 sit
1307 375 1485 423 linearis,
1515 376 1585 417 sed
1618 375 1838 416 fusiformis
1864 389 1955 416 cum
1976 376 2086 431 stylo
2109 392 2185 420 non

575 444 794 485 incrassato
824 448 865 484 et
893 443 1055 492 obtuso,
1084 442 1152 483 sed
1185 442 1322 483 lineari
1355 449 1394 482 et
1427 443 1672 483 acuminato.
1733 441 1805 482 His
1833 442 1942 484 notis
1968 443 2069 484 adde
2102 444 2186 485 tho.

575 523 710 551 racem
746 509 1040 565 gibbosiorem,
1079 509 1280 550 abdomen
1316 508 1437 565 paulo
1476 509 1635 564 planius
1673 514 1712 550 et
1745 510 1906 563 punctis
1937 510 2186 559 destitutum„

575 590 718 618 venam
754 576 926 630 denique
964 580 1236 617 transversam
1267 576 1438 618 mediam
1469 577 1683 631 insigniter
1712 575 1906 617 adversus
1936 576 2105 618 cellulae
2134 579 2186 619 di-

572 643 760 684 scoidalis
801 641 920 683 finem
961 647 1207 697 promotam.
1273 641 1409 697 Quem
1448 657 1575 685 venae
1615 648 1866 684 transversae
1902 642 2037 683 locum
2077 644 2187 684 Bina·

575 725 667 751 eum
697 710 924 766 Pygoslolo
958 722 1220 751 communem
1251 709 1389 761 liabet3
1428 715 1550 765 atque
1582 714 1849 750 antennarum
1880 711 2035 751 ratione
2067 713 2186 766 magis

574 779 681 818 inter
713 791 755 818 se
783 780 1014 830 congruunt
1045 788 1166 828 quam
1200 790 1290 817 cum
1324 778 1559 819 Tar-actico.
1619 775 1679 817 Ne
1712 790 1809 816 vero
1840 776 1956 816 Blax
1985 791 2075 817 cum
2108 778 2185 832 Py.

571 846 733 899 goscelo
761 842 1049 892 confundatur,
1077 843 1340 884 abdominum
1361 844 1533 886 formam
1555 856 1794 896 comparare
1813 844 1909 884 satis
1931 848 2011 893 θείς
2048 845 2187 885 macas

572 911 680 951 enim
702 909 902 951 abdomen
918 923 1081 964 prorsus
1103 910 1245 952 eaden·
1269 908 1420 964 ubique
1442 910 1655 952 latitudine
1676 915 1812 951 manet
1834 909 2043 965 multoque
2058 912 2185 952 minus

573 982 634 1018 est
664 977 937 1032 deplanatum.

684 1100 749 1141 25.
782 1101 1095 1156 Pygoetolus
1124 1102 1433 1149 aernulalor,
1453 1114 1547 1140 nov.
1570 1114 1629 1155 sp.
1651 1103 1703 1153 3.
1735 1122 1776 1128 —
1804 1098 1954 1155 Niger,
1972 1103 2186 1156 segmentis

574 1166 893 1207 abdominalibue
912 1167 1065 1207 duobus
1084 1169 1243 1207 ultimis
1262 1167 1680 1220 cmndido-poleinosis‚
1699 1168 1953 1221 paenultima
1970 1169 2029 1207 bis
2045 1169 2186 1208 latiore

571 1249 691 1289 quam
721 1234 927 1289 longior&
956 1235 1047 1274 ntae
1073 1237 1242 1288 pulchre
1263 1238 1656 1290 nigro-variegatae„
1687 1238 1835 1274 triente
1853 1234 1984 1274 basah·
2003 1236 2184 1290 Ιψιιὶῖηος

572 1307 719 1342 Certim
747 1308 1016 1342 antennarum
1048 1303 1249 1342 articulus
1277 1302 1472 1356 dupla‘cem
1503 1303 1601 1355 styli
1630 1301 1929 1357 longitudinem
1958 1307 2025 1342 via·
2056 1308 2185 1358 aequi-

569 1383 736 1422 param.
772 1391 821 1399 -—
854 1367 979 1426 Long.
1013 1383 1110 1424 corp
1156 1370 1238 1422 4¹⁷3-
1261 1368 1341 1418 lin„
1372 1368 1480 1424 long.
1513 1369 1563 1410 al.
1597 1371 1617 1408 ⁴
1650 1368 1720 1410 lin.

684 1446 911 1502 Pygosloto
948 1448 1070 1487 diviti
1098 1446 1238 1500 (Cent.
1269 1446 1354 1487 Vll.
1387 1446 1460 1499 29)
1496 1446 1724 1488 simillimus
1755 1446 1825 1487 sed
1856 1446 2075 1487 abdomine
2105 1446 2184 1487 lon-

571 1514 685 1567 giore
713 1519 753 1555 et
782 1514 974 1556 adversus
994 1516 1148 1570 apicem
1179 1514 1310 1555 minus
1342 1514 1514 1555 dilatato
1536 1514 1768 1563 distinctus,
1798 1513 1852 1553 ita
1874 1518 1918 1553 ut
1938 1518 2184 1567 segmentum

572 1580 866 1637 paenultimum
894 1581 1013 1635 liujus
1044 1581 1186 1636 duplo,
1217 1580 1322 1622 illius
1352 1581 1438 1622 fere
1466 1580 1696 1635 quadruplo
1728 1580 1847 1621 latius
1877 1593 1997 1633 quam
2032 1580 2185 1634 longius
2264 1605 2266 1609 -
2300 1605 2307 1650 ¹-

571 1649 637 1690 sit.
697 1646 908 1689 Praeterea
944 1652 1107 1702 myslax
1139 1647 1375 1695 confertior,
1405 1647 1567 1702 longior
1598 1652 1634 1689 et
1668 1647 1799 1688 multo
1830 1647 2039 1687 obscurior
2068 1660 2183 1700 quam

574 1715 793 1769 Pygosloh'
822 1715 961 1755 divitis
992 1720 1066 1756 est.
1127 1716 1160 1755 A
1192 1715 1421 1770 Pygosloto
1447 1720 1561 1767 picto
1590 1714 1728 1766 (Ceut.
1762 1712 1849 1755 Vll.
1876 1715 1950 1766 30)
1981 1714 2104 1755 tertio
2123 1727 2184 1753 an-

571 1786 784 1823 tennarum
814 1781 985 1822 articulo
1017 1782 1148 1822 minus
1178 1783 1289 1822 tenui
1318 1786 1360 1824 et
1388 1782 1498 1836 stylo
1528 1782 1734 1823 terminali
1763 1781 1947 1836 longiore
1975 1780 2183 1822 differt.—

571 1846 836 1900 (Calil'ornia3
866 1847 912 1888 H.
944 1847 1178 1901 Edwards.)

684 1914 824 1956 Nota.
876 1916 957 1956 (Jur
995 1930 1069 1971 pro
1100 1917 1330 1971 Pygoseolo
1369 1917 1408 1957 in
1440 1921 1652 1971 posterum
1684 1929 1832 1957 nomeu
1863 1915 2048 1956 Nicoclis
2079 1929 2184 1956 usur-

571 1982 748 2037 pandum
782 1983 857 2032 sit,
897 1982 935 2022 in
974 1983 1104 2023 verbis
1143 1983 1193 2023 ad
1232 1983 1410 2038 speeiem
1441 1983 1752 2036 praecedentem
1783 1982 1942 2037 scriptis
1973 1982 2182 2024 declaravi.

571 2048 646 2090 Hic
675 2063 770 2090 vero
802 2053 847 2089 ut
877 2049 1096 2105 Pygoslole'
1127 2051 1292 2090 nomine
1323 2065 1545 2105 pergerem,
1576 2052 1622 2091 ea
1652 2066 1694 2092 re
1715 2049 1910 2104 impulsus
1931 2063 2034 2099 sum,
2064 2049 2183 2103 quod.

569 2118 602 2157 si
634 2116 751 2157 aliter
778 2116 972 2166 facerem,
1010 2130 1235 2158 consensus
1266 2131 1356 2158 cum
1389 2118 1623 2159 nominibus
1654 2132 1792 2159 earum
1811 2116 2054 2172 specierum,
2089 2129 2183 2169 quas

569 2184 610 2223 in
640 2182 759 2223 Ceut.
789 2182 860 2224 Ill.
889 2184 1094 2239 descripsi,
1127 2182 1370 2225 turbaretur.

680 2305 744 2346 26.
784 2307 1085 2361 Diogmiles
1120 2308 1453 2361 symmachus),
1500 2321 1594 2349 nov.
1634 2322 1692 2362 sp.
1732 2310 1774 2360 ὅ·
1812 2311 1847 2346 et
1890 2304 1934 2350 Ω.
1964 2331 2010 2338 -
2056 2306 2180 2359 Diog-

568 2378 692 2412 mitae
727 2372 920 2414 bilineuto
955 2377 1058 2412 mire
1091 2374 1260 2421 similis,
1296 2375 1367 2413 sed
1403 2379 1535 2414 minor
1571 2381 1608 2414 el
1648 2376 1727 2414 ulis
1768 2378 1900 2413 mimus
1935 2374 2030 2413 lutis
2059 2372 2182 2428 filcile

569 2441 798 2480 distinctus.
822 2462 876 2468 —
906 2438 1033 2494 Long.
1066 2454 1178 2494 corp.
1210 2439 1236 2479 8
1258 2465 1300 2470 -
1319 2440 1449 2491 9lin.‚
1482 2442 1588 2497 long.
1622 2441 1672 2482 al.
1703 2442 1758 2495 δὲ
1778 2439 1898 2494 -Ἷξ
1915 2440 1984 2483 lin.

679 2518 712 2558 Α
745 2518 956 2573 Diogmile
985 2519 1178 2559 &lineato
1208 2518 1342 2570 (cent.
1372 2518 1458 2559 Vll.
1482 2520 1553 2572 40)
1587 2519 1827 2560 difficillime
1857 2519 2182 2575 distingueretur,

571 2584 646 2625 nisi
686 2584 818 2625 minor
854 2589 957 2626 esset
993 2589 1034 2626 et
1065 2585 1146 2626 alas
1178 2586 1309 2626 minus
1339 2586 1440 2627 latas
1471 2587 1672 2641 aliterque
1702 2586 1840 2627 colore
1870 2587 2030 2628 cinereo
2060 2587 2183 2640 pictas

568 2651 749 2693 liaberet.
793 2651 870 2692 Hic
890 2652 1003 2693 color
1023 2652 1064 2693 in
1088 2653 1326 2708 Diogmitae
1344 2653 1527 2694 humente·
1552 2653 1626 2695 alis
1642 2653 1828 2695 cellulam
1845 2652 2181 2708 submarginalem

568 2722 712 2769 totam,
740 2718 926 2760 cellulam
957 2719 1226 2774 posteriorem
1258 2721 1427 2775 primam
1461 2720 1554 2760 inde
1584 2721 1634 2761 ab
1665 2720 1752 2761 alae
1784 2720 1963 2775 margine
1990 2719 2183 2776 usquead

568 2786 695 2827 basim
712 2786 882 2827 cellulae
900 2784 1211 2840 subniarginalis
1226 2788 1426 2828 secundae
1442 2787 1690 2841 cellulasque
1707 2788 1953 2844 posteriores
1969 2786 2182 2829 secundam

566 2857 605 2894 et
634 2854 792 2895 tertiam
816 2858 976 2908 practer
996 2853 1117 2894 imam
1140 2854 1267 2895 basim
1287 2858 1393 2895 totas
1416 2854 1572 2910 explet;
1602 2856 1641 2895 in
1665 2854 1740 2896 hac
1763 2856 1897 2895 nostra
1920 2854 2052 2909 specie
2073 2852 2185 2894 color

565 2921 749 2962 cinereus
792 2921 833 2961 in
877 2919 1022 2961 cellula
1067 2921 1355 2975 submarginali
1396 2922 1573 2962 secunda
1613 2923 1838 2977 marginem
1876 2922 2099 2978 posticum,
2144 2920 2182 2960 in

565 2987 722 3029 cellulis
765 2988 1061 3043 posterioribus
1104 2988 1235 3044 prima
1280 2994 1318 3029 et
1361 2989 1538 3030 secunda
1586 2994 1807 3043 utrumque
1846 2990 2065 3044 marginem
2103 3002 2181 3028 non

565 3055 739 3111 attinget
769 3055 844 3096 nisi
875 3068 1002 3110 prope
1031 3055 1118 3095 alae
1148 3056 1392 3110 marginem,
1423 3058 1462 3097 in
1493 3056 1645 3097 cellula
1676 3071 1773 3097 vero
1805 3058 2030 3112 posteriore
2061 3055 2182 3096 tertia

2381 1680 2454 1706 803⁹

2381 1878 2456 1934 Ca}

2381 1946 2456 2001 »³³¹1

2381 2026 2455 2054 occ

2381 2079 2456 2121 albi

2380 2148 2456 2188 rari

2379 2214 2456 2255 sotl

2380 2281 2420 2322 in

2380 2361 2456 2389 rara

2294 2404 2300 2463 ἰ
2379 2415 2456 2470 nigi

2380 2482 2456 2523 halt

2379 2550 2455 2592 adv

2378 2631 2456 2673 spei

2378 2683 2455 2725 albi

2377 2817 2456 2859 Co}

2378 2884 2456 2940 pilo

2380 2961 2456 3006 μω

2380 3019 2456 3059 villi
