2448 3600
560 264 612 306 Ίθ
1080 278 1082 280 ·
1152 266 1204 304 Η.
1236 266 1375 305 Loew:
1409 264 1585 317 Diptera

558 375 670 418 dorsi
698 382 834 418 lamen
862 376 1032 417 dimidio
1060 380 1266 417 anteriore
1296 381 1462 430 praelev-
1489 377 1621 417 latera
1639 377 1934 432 nigro-pilos05
1963 380 2171 418 vinculata

560 442 784 486 abdomina
813 442 940 497 rusa5
971 442 1096 497 pedes
1122 443 1208 497 ”fi
1234 443 1296 483 vel
1321 456 1372 483 ex
1401 443 1509 482 luteo
1536 443 1640 497 rvfi,
1669 442 1891 494 semoribus
1920 448 2070 484 anssco's
2096 460 2167 499 po-

560 512 753 565 eltcs'eqne
778 516 943 564 praeter
970 514 1139 565 apicem,
1169 511 1298 552 litura
1315 509 1527 564 semorum
1558 510 1887 550 inter-mediorum
1907 510 2171 567 tibiarumque

561 582 814 631 poeticarum
851 577 1021 618 dimidio
1056 578 1210 631 apicula·
1244 581 1381 632 nigris
1390 592 1405 629 ,-
1441 578 1531 617 alae
1558 581 1835 633 nigricantem,
1872 579 2018 618 triente
2044 578 2171 621 husati

560 650 724 699 praeter
755 643 917 685 limbum
947 651 1085 685 costae
1113 644 1213 685 albo.
1234 666 1287 674 -
1319 642 1446 699 Long.
1476 657 1588 699 corp.
1622 644 1672 685 10
1692 643 1775 693 lin.,
1806 642 1912 698 long.
1943 644 1992 685 al.
2022 645 2103 699 δῖ’,
2121 670 2166 678 -—

559 710 698 764 sfflin.

671 775 806 833 Niger,
835 779 1022 819 antennis
1053 779 1148 819 totis
1177 776 1476 827 concoloribus,
1506 778 1640 832 capite
1670 776 1918 831 thoraceque
1947 777 2096 832 polline
2122 794 2170 821 ex

560 844 672 886 fusco
701 844 900 886 ocliraceo
929 845 1115 900 aspersis,
1143 844 1214 886 sed
1246 844 1300 885 ita
1332 849 1370 883 ut
1405 844 1506 885 vitta
1537 844 1774 887 intermedia
1809 843 1986 885 thoracis
2014 850 2173 900 praeter

562 910 707 953 lineam
745 912 920 953 mediam
958 911 1112 967 polline
1146 910 1336 953 dilutiore
1374 912 1484 952 omni
1523 911 1738 962 destituta,
1771 916 1859 952 atra
1895 924 1935 952 e·-
1966 924 2093 965 opaca
2120 914 2169 954 sit

562 981 599 1019 et
629 979 757 1019 vittae
788 978 974 1021 laterales
1005 980 1138 1021 minus
1168 978 1382 1020 confertim
1406 978 1631 1034 pollinosae
1653 978 1922 1032 fusco-nigrae
1940 985 2172 1034 appareant.

563 1043 774 1086 abdomen
803 1049 941 1087 totum
972 1046 1160 1096 nitidum,
1189 1046 1294 1088 vina
1324 1045 1417 1095 tata,
1447 1045 1487 1086 in
1516 1049 1730 1101 segmento
1751 1044 1931 1086 secundo
1952 1046 2173 1102 incipiente

562 1117 600 1153 et
639 1117 780 1155 ventre
819 1112 903 1154 fere
939 1117 1028 1154 toto
1064 1113 1173 1155 rufis.
1234 1112 1526 1168 Hypopygium
1566 1113 1725 1168 nigrum
1765 1112 1828 1152 vel
1867 1113 2171 1168 piceo-nigrum.

564 1178 690 1221 Pedes
719 1178 796 1221 rufi
827 1179 891 1221 vel
922 1194 972 1222 ex
1004 1179 1117 1221 luteo
1147 1179 1239 1228 rufi,
1269 1180 1382 1221 coxis
1412 1180 1616 1222 omnibus.
1645 1179 1865 1220 femoribus
1885 1180 2030 1221 anticis
2050 1182 2172 1235 posti-

562 1246 700 1301 cisque
731 1251 889 1302 praeter
919 1248 1099 1303 apicem,
1133 1246 1332 1288 femorum
1364 1247 1702 1288 intermediorum
1734 1246 1854 1287 litura
1884 1247 2032 1302 superii.
2060 1249 2173 1289 tibia-

561 1327 732 1369 rumque
768 1314 1017 1369 posticarum
1049 1313 1217 1355 dimidio
1248 1313 1391 1369 apicati
1422 1313 1505 1355 fere
1535 1318 1625 1355 toto
1658 1314 1792 1367 nigris.
1854 1312 1929 1354 Pili
1960 1314 2105 1355 frontis
2135 1320 2173 1356 et

562 1382 729 1437 forcipis
758 1381 886 1422 analis
916 1381 1171 1437 nigro-susci,
1202 1380 1381 1421 thoracis
1413 1380 1514 1421 vitta
1542 1381 1785 1422 intermedia
1817 1394 1908 1421 cum
1936 1382 2174 1433 interstitiis,

562 1448 705 1502 quibus
735 1461 755 1489 a
786 1449 899 1490 vittis
929 1448 1165 1490 lateralibus
1195 1447 1475 1502 distinguitur,
1504 1447 1596 1503 pilis
1617 1448 1745 1502 nigris
1766 1449 1983 1498 instructa,
2014 1454 2172 1502 mystax

563 1529 612 1556 ex
650 1515 764 1556 fusco
794 1514 1006 1570 vulpinus;
1043 1515 1115 1571 pili
1153 1514 1299 1569 reliqui
1336 1515 1519 1570 corporis
1550 1514 1694 1557 laetius
1723 1514 1904 1570 vulpini,
1942 1520 2053 1556 setae
2082 1529 2174 1557 con·

564 1581 733 1624 colores.
791 1581 893 1624 Alae
922 1583 1188 1637 nigricantes,
1225 1583 1339 1623 venis
1369 1581 1648 1635 lusco-nigris,
1679 1581 1828 1622 triente
1859 1581 1983 1623 basali
2015 1587 2173 1637 praeter

565 1648 733 1691 limbum
764 1654 901 1691 costae
930 1648 1032 1690 albo.
1059 1671 1106 1679 —
1139 1648 1402 1702 (Calisornia3
1433 1647 1483 1689 H.
1513 1647 1745 1702 Edwards.)

671 1771 738 1814 32.
770 1773 1055 1813 Callinicus
1085 1773 1380 1818 calcaneus,
1422 1785 1515 1812 nov.
1546 1786 1604 1827 sp.
1638 1769 1678 1817 0²
1702 1776 1739 1812 et
1763 1770 1806 1816 9.
1831 1794 1882 1803 -
1919 1773 2079 1826 Rufus,
2116 1780 2174 1813 no·-

562 1840 684 1889 eidus,
715 1841 897 1880 thoracis
925 1839 1227 1895 abdomini-sque
1254 1840 1386 1880 colore
1415 1844 1550 1894 magis
1580 1844 1623 1879 in
1653 1841 1755 1879 laete
1783 1840 1944 1879 badium
1975 1848 2175 1896 vergente,

561 1908 710 1961 polline
739 1912 911 1961 eapitis,
940 1908 1195 1947 humerorum
1222 1908 1535 1962 plorarent-umque
1564 1908 1668 1947 laete
1697 1908 1910 1947 ochraceo.
1951 1912 2064 1947 villis
2093 1910 2174 1948 tho-

562 1976 671 2015 racis
701 1979 859 2030 nigri-53
897 1975 987 2014 alae
1005 1973 1180 2028 fuscae,
1218 1975 1367 2015 lumine
1396 1980 1506 2014 rev-lo
1534 1975 1946 2022 violaceo-micantes,
1985 1976 2175 2015 adversus

563 2047 718 2082 coslam
760 2046 949 2082 sarm-nee
991 2042 1065 2082 sed
1103 2041 1266 2081 sordide
1302 2042 1446 2083 luteae.
1475 2065 1527 2071 —
1565 2041 1691 2095 laong.
1731 2055 1842 2096 corp.
1879 2041 2071 2094 63—9-3-
2095 2042 2176 2089 lin,

567 2108 671 2163 long.
704 2108 753 2148 al.
783 2107 1035 2163 5÷—8!in.

674 2184 736 2226 Ex
756 2186 879 2228 badio
900 2185 1029 2237 rufus,
1051 2184 1215 2226 thorace
1238 2185 1408 2237 modice,
1430 2186 1648 2227 abdomine
1668 2185 1809 2226 laetius
1831 2186 1998 2227 nitente.
2046 2185 2177 2241 Caput

565 2258 724 2309 praeter
753 2252 902 2294 callum
924 2251 1076 2294 ocellos
1095 2251 1291 2294 ferentem
1315 2252 1468 2307 polline
1489 2252 1594 2294 laete
1613 2253 1954 2294 aureo-ochraceo
1975 2252 2176 2293 vestitum.

563 2320 776 2362 Antennae
804 2334 857 2362 ex
887 2320 999 2362 luteo
1030 2318 1163 2370 rufae,
1192 2319 1363 2361 articulo
1394 2319 1520 2361 tertio
1550 2320 1681 2373 nigro,
1708 2318 1813 2361 infra
1844 2323 1885 2361 et
1915 2319 1955 2360 in
1986 2320 2065 2360 ima
2097 2319 2176 2359 basi

563 2386 801 2442 plerumque
838 2386 1085 2437 luteo-rufo,
1128 2386 1261 2440 stylus
1299 2386 1523 2428 terminalis
1563 2387 1800 2437 mediocris,
1837 2400 2014 2437 crassus,
2053 2388 2177 2440 niger,
2258 2436 2260 2439 .

561 2452 736 2495 articulo
773 2453 973 2495 terminali
1006 2467 1225 2509 perparvo,
1264 2454 1467 2496 subulato.
1527 2452 1865 2495 Proboscis·cum
1895 2453 2027 2509 palpis
2057 2454 2176 2508 nigra.

561 2518 754 2562 Thoracis
790 2522 917 2563 vittae
953 2520 1133 2562 dorsales
1170 2522 1334 2577 nigrae,
1369 2523 1410 2564 in
1449 2522 1649 2577 exemplis
1679 2520 1828 2563 illaesis
1858 2534 1998 2563 omnes
2027 2519 2178 2577 polline

562 2587 723 2629 cinereo
752 2600 951 2643 aspersae,
980 2588 1225 2630 intermedia
1255 2589 1428 2644 duplex3
1466 2587 1625 2630 humeri
1654 2588 1806 2645 polline
1836 2588 2177 2630 aureo-ochraceo

563 2654 779 2696 confertim
810 2655 979 2704 obtecti,
1009 2656 1209 2710 margines
1239 2656 1427 2698 laterales
1459 2656 1566 2697 dorsi
1596 2655 1821 2698 obsoletius
1851 2654 2176 2711 uem-aceo-poni-

564 2721 663 2761 nosi.
739 2719 912 2763 Pleurae
955 2721 1354 2777 nigro-maculatae,
1403 2722 1670 2778 inaequaliter
1708 2723 2176 2779 ochraceo-pollinosae.
2222 2768 2224 2771 ¹

563 2787 817 2829 Metanotum
849 2789 1027 2844 nigrum,
1055 2789 1169 2831 callis
1198 2794 1334 2832 tamen
1357 2790 1594 2833 lateralibus
1614 2791 1832 2833 confertim
1853 2795 1893 2832 et
1914 2791 2019 2833 laete
2041 2790 2177 2833 ochra-

563 2854 892 2910 cco-pollinosisf
950 2856 1061 2898 Basis
1090 2859 1289 2913 segmenti
1319 2857 1588 2899 abdominalis
1620 2859 1738 2915 primi
1769 2873 1929 2915 semper
1958 2860 2088 2913 nigra,
2122 2871 2179 2899 se-

563 2927 819 2976 gmentorum
850 2923 1102 2979 reliquorum
1133 2926 1334 2981 margines
1365 2925 1509 2981 postici
1542 2925 1949 2981 plerumquecolore
1980 2927 2094 2981 nigro
2118 2923 2178 2964 vel

565 2988 788 3044 nigricante
817 2990 996 3039 limbati,
1027 2992 1229 3047 margines
1259 2993 1445 3035 laterales
1473 3007 1632 3048 semper
1661 2994 1781 3048 paulo
1812 2994 1932 3035 latius
1963 2994 2085 3048 nigri,
2114 3006 2180 3033 an-

568 3055 646 3110 guli
689 3058 833 3112 postici
872 3060 1070 3113 segmenti
1112 3060 1228 3115 primi
1269 3061 1370 3101 laete
1407 3060 1832 3117 ocliraceo-pollinosi3
1880 3062 2077 3114 margines
2115 3073 2178 3113 po-
