2368 3568
13 365 207 415 cedente,

15 434 207 476 verticale

7 499 113 542 inem
145 514 206 541 ns-

23 571 134 608 atum
166 572 204 607 et

61 634 206 675 artion-

19 702 85 741 tae
113 700 204 741 dor·

20 778 63 807 a:
94 766 203 820 pleu-

12 836 105 873 enla
138 834 203 873 nb·

18 898 91 940 bus
121 899 201 955 ple-

16 965 120 1007 viter
149 967 202 1006 ci-

18 1031 202 1073 udlnales

15 1102 118 1140 atae.
152 1122 200 1130 -

2 1574 43 1605 s
60 1559 198 1606 Ame-

5 1632 14 1643 ‘
39 1649 199 1694 pauca,

1 1722 49 1753 ια
101 1722 199 1753 esse

0 1898 52 1938 nin
90 1898 197 1939 nolis

0 1964 196 2020 ,cipienda

0 2031 72 2071 lam
102 2043 196 2071 con-

0 2110 16 2138 a
44 2102 197 2138 austra-

0 2177 81 2205 ·um
113 2177 195 2204 non

0 2245 5 2270 ι
34 2243 195 2285 genere,

0 2296 105 2339 »dem
127 2311 195 2338 no-

0 2363 114 2405 el'erri
144 2364 193 2404 ad

24 2431 194 2486 species,

0 2497 22 2538 ἢ
51 2497 193 2539 discoi-

20 2563 97 2607 No.
126 2566 193 2607 93.

0 2646 107 2674 ierus
138 2633 194 2673 in·

0 2786 2 2806 ι
31 2767 193 2815 nitinei,

0 2847 95 2874 lrum
126 2846 194 2874 eu-

0 2907 69 2943 ml.
130 2900 195 2942 De

0 2991 5 3009 »
32 2973 191 3024 septen·

0 3041 105 3090 ptera
151 3036 197 3078 of

1013 261 1228 301 Amoris-e
1256 260 1602 315 amsans-emus.
2040 261 2118 303 tta

498 370 633 415 North
661 370 854 415 America
885 369 929 414 Ρ.
959 369 1029 425 ll.)
1066 369 1318 413 consulenda
1353 374 1436 420 est,
1471 374 1513 413 et
1549 369 1602 413 de
1632 370 1910 428 antony-un
1944 370 1987 414 in
2016 371 2119 416 actis

495 437 854 493 entomologorum
876 437 1046 480 silesiae
1074 436 1329 489 (zeitschrift
1349 435 1413 480 mr
1429 435 1732 494 Entomologie,
1748 435 1956 494 Jahn-gang
1979 438 2120 492 18⁶⁹.)

495 504 595 548 satis
629 504 762 547 docui.
834 506 1056 559 Chlor-opes
1093 504 1278 554 demum,
1315 508 1533 561 postquam
1572 504 1700 560 prima
1734 504 1880 548 harum
1916 506 2119 548 centurie-

497 584 589 613 rum
618 571 821 628 apparuit,
851 571 891 613 in
922 572 1065 614 iisdem
1096 571 1199 614 actis
1227 569 1489 623 (Zeitscbrit't
1517 568 1891 626 fflrEntomologie
1921 571 2049 625 1866)
2077 571 2118 614 in

498 638 653 680 minora
682 652 831 694 genera
869 637 1004 688 divisi,
1043 642 1089 679 ut
1128 652 1225 681 vero
1260 637 1528 693 aequabilitas
1557 636 1759 693 quaedam
1789 642 2041 689 servaretur,
2078 638 2119 680 in

498 704 664 760 reliquis
699 705 896 747 cantui-if·
932 719 953 746 a
983 717 1131 760 genere
1158 704 1380 748 dividendo
1415 704 1615 755 abstinui,
1650 704 1720 747 sed
1756 704 1800 746 in
1838 704 1999 748 decima
2037 719 2118 747 nou

496 776 657 815 tantum
694 772 863 827 singuliis
899 771 1152 828 Chloropum
1192 770 1406 828 speciebus
1441 782 1489 813 ea
1524 783 1674 827 genera
1710 771 1928 828 adscripsi,
1973 771 2120 828 quibus

497 851 685 894 quaeque
715 838 929 882 inscrenda
960 843 1087 889 esset,
1126 838 1197 880 sed
1235 838 1358 881 etiam
1389 838 1431 879 in
1460 837 1597 880 indice
1627 836 1803 892 generali
1833 837 2035 891 indicavi,
2068 839 2118 880 ad

497 919 603 961 quae
631 919 779 962 genera
809 907 964 962 speeies
994 905 1034 947 in
1065 905 1269 961 prioribus
1299 904 1494 947 centuriis
1522 904 1729 959 decriptae
1757 905 2023 960 pertinerent.

608 972 718 1014 Sunt
747 977 956 1029 praeterea
988 971 1185 1013 nonnulla
1216 984 1389 1027 genera,
1427 983 1532 1026 quae
1561 974 1632 1013 aut
1661 971 1772 1027 prius
1801 976 1870 1013 aut
1900 970 1990 1014 aliis
2020 972 2121 1014 locis

497 1039 772 1083 condideram.
830 1038 1017 1081 Fortasse
1049 1051 1131 1079 non
1167 1038 1245 1081 erit
1274 1037 1421 1081 inutile
1449 1050 1793 1090 commemorare,
1829 1050 1934 1093 quae
1962 1039 2045 1082 sint.
2074 1052 2119 1080 ea

498 1111 540 1150 et
570 1106 639 1149 ubi
670 1105 894 1148 constituta
922 1105 1017 1147 sint.

554 1172 695 1229 ltaque
728 1172 979 1229 wiglyphm
1008 1172 1256 1215 constitutus
1286 1176 1348 1214 est
1377 1172 1418 1214 in
1441 1169 1595 1215 Okenii
1624 1169 1732 1213 Iside
1759 1169 1854 1225 (lais
1874 1185 1955 1214 von
1976 1169 2119 1225 Oken)

809 1239 938 1290 184⁰,

722 1307 981 1361 Archi-opens
1010 1307 1051 1348 in
1090 1304 1431 1363 Ephemeridibus
1467 1309 1622 1349 eutom.
1651 1303 1958 1349 stetinensibus
1987 1304 2116 1360 (Stet-

805 1373 915 1415 tiner
942 1377 1093 1415 entom.
1123 1371 1318 1428 Zeitung)
1350 1371 1479 1422 185⁰,

724 1439 965 1496 Bolbomyia
994 1441 1035 1482 in
1065 1437 1225 1482 Loevvii
1250 1439 1389 1482 Fauna
1406 1438 1576 1481 succino
1595 1436 1750 1481 inclusa
1780 1437 1888 1492 (Der
1907 1437 2119 1482 Bernstein

805 1505 890 1548 und
919 1506 985 1548 die
1014 1505 1373 1559 Bernsteinl‘auna)
1406 1505 1538 1557 18⁶0,

723 1575 1049 1628 Synna-pliorem
1092 1574 1133 1615 in
1177 1573 1357 1616 Giebelii
1401 1572 1630 1616 Annalibus
1680 1571 1876 1615 scientiae
1923 1571 2121 1615 naturalis

804 1639 1020 1694 (Zeitschr.
1050 1639 1079 1683 f.
1111 1640 1150 1683 d.
1180 1645 1433 1696 gesammten
1456 1637 1944 1693 Naturwissenschal'ten)
1978 1639 2104 1688 1856,

725 1708 964 1748 Gneoaeemss
1014 1708 1056 1749 in
1099 1704 1427 1762 Entomologicis
1476 1705 1694 1749 menstruis
1738 1704 2121 1749 vindebonensibus

804 1773 999 1828 (Wiener
1028 1777 1182 1817 entom.
1214 1771 1518 1827 Monatscbriss.)
1552 1772 1681 1822 1868,

720 1842 884 1896 stilpon
928 1841 969 1882 in
1013 1839 1173 1883 Loewii
1223 1839 1533 1896 Supplementis
1586 1840 1704 1881 novis
1750 1837 1890 1894 (Neue
1933 1837 2120 1895 Beitrligc

804 1906 895 1950 Thl.
919 1906 1008 1960 Ν.)
1043 1907 1169 1958 1859ς

724 1975 979 2015 Βήᾶοησὲοοα
1007 1975 1049 2015 in
1080 1972 1423 2030 Ephemeridibus
1462 1977 1616 2015 entom.
1650 1970 1977 2015 Berolinensibus
2007 1972 2120 2026 (Ber-

804 2041 908 2082 liner
937 2045 1092 2083 enlom.
1122 2039 1377 2093 zeitschrift)
1410 2040 1532 2083 186⁶.

606 2108 857 2149 mmmm-0·
885 2121 1026 2163 genus,
1055 2107 1167 2162 quod
1199 2106 1412 2163 Halidajua
1441 2105 1628 2149 condidit
1657 2110 1698 2148 et
1721 2104 1942 2148 Walkerus
1972 2106 2013 2148 in
2045 2106 2120 2148 Di-

495 2177 707 2226 pterorum
745 2174 974 2230 catalogum
1012 2173 1119 2228 (List
1155 2175 1201 2216 ot*
1235 2173 1460 2231 Dipterous
1496 2173 1672 2226 Insects)
1707 2174 1884 2230 recepit,
1921 2186 2119 2228 nusquam

494 2245 693 2296 quantum
722 2242 828 2292 scio,
871 2243 978 2283 notis
1013 2242 1136 2282 certis
1171 2239 1400 2283 stabilitum
1437 2243 1513 2282 est.
1570 2238 1654 2281 Sed
1688 2239 1737 2281 ab
1767 2240 1956 2282 omnibus
1985 2239 2120 2296 Xylo-

496 2306 759 2362 phagidarum
788 2308 1005 2363 generibus
1043 2307 1160 2349 facile
1196 2321 1246 2349 eo
1277 2307 1566 2363 distinguitur,
1602 2307 1712 2362 quod
1749 2307 1897 2349 tertius
1926 2312 2118 2350 antenna-

494 2387 585 2415 rum
614 2374 700 2429 ejus
729 2375 924 2416 articulus
952 2389 1035 2416 non
1066 2375 1189 2417 modo
1218 2373 1437 2416 annulatus
1467 2378 1544 2426 est,
1572 2374 1644 2415 sed
1675 2374 1795 2416 etiam
1825 2374 1987 2416 annulis
2017 2375 2121 2417 bene

495 2441 603 2482 inter
630 2455 674 2483 se
703 2441 890 2485 discretis
919 2445 1102 2490 constat,
1144 2456 1192 2483 ac
1238 2455 1429 2483 uumerus
1476 2440 1621 2482 horum
1659 2440 1902 2483 annulorum
1938 2441 1979 2482 in
2009 2454 2120 2484 mare

495 2508 625 2563 major
654 2513 716 2549 est
744 2521 865 2563 quam
894 2510 935 2551 in
966 2508 1147 2550 foemina
1181 2514 1224 2550 et
1254 2521 1491 2556 numerum,
1527 2520 1650 2562 quem
1685 2507 1831 2562 reliqui
1859 2506 2118 2564 Xylophagi-

494 2575 569 2616 dae
598 2575 638 2616 in
668 2576 842 2618 articulo
873 2574 1075 2618 terminali
1106 2575 1327 2626 exhibent,
1364 2575 1489 2630 longe
1517 2577 1694 2630 superat.
1767 2571 1908 2627 Quum
1943 2574 2115 2617 Rhaclni-

495 2642 576 2684 ceri
612 2642 768 2699 species
803 2643 844 2683 in
874 2641 1042 2699 Europa
1077 2655 1242 2697 quoque
1279 2642 1440 2685 delecta
1475 2642 1552 2692 sit,
1588 2639 1670 2682 alio
1710 2640 1803 2683 loco
1832 2643 2039 2697 copiosius
2069 2643 2119 2685 dc

494 2709 575 2750 hoc
603 2722 752 2764 genere
779 2722 909 2765 agam.

604 2775 650 2817 In
680 2774 838 2819 duobus
866 2776 1084 2832 generibus
1119 2789 1166 2819 ea
1204 2777 1370 2818 nomina
1400 2780 1566 2819 secutus
1604 2788 1717 2828 sum,
1754 2774 1902 2831 quibua
1930 2775 2117 2833 plerique

493 2847 684 2885 auctores
715 2843 777 2884 usi
804 2848 902 2885 sunt
930 2848 1000 2885 aut
1030 2846 1222 2895 utuntur,
1252 2858 1377 2899 quum
1408 2848 1547 2886 tamen
1579 2842 1658 2884 alia
1687 2842 1909 2885 secundum
1941 2847 2117 2886 vetusta-

494 2910 548 2951 tis
578 2908 709 2966 legem
739 2910 966 2952 revocanda
994 2911 1089 2952 sint.
1148 2910 1290 2966 ltaque
1316 2925 1390 2968 pro
1411 2910 1717 2966 Amhophils'mt
1736 2910 2013 2965 Anthomyzn,
2042 2925 2117 2967 pro

495 2977 750 3032 Ploeypulpo
782 2978 1082 3032 Tachydromioe
1110 2977 1188 3020 dici
1219 2978 1405 3021 debebat.
1470 2976 1570 3033 Qua
1598 2991 1695 3020 vero
1724 2977 1777 3020 de
1806 2978 1930 3021 cansa
1958 2979 2112 3021 nomini

533 3060 615 3090 non.
629 3061 784 3091 antomon.
798 3061 947 3091 zon-ear.
962 3062 1042 3090 xv1.
1806 3044 1835 3087 8
