2448 3600
7 387 110 424 vitm
130 387 215 427 tato

0 455 114 491 *uicis
139 468 211 507 po-

0 521 214 575 viarumque

0 590 60 625 nu
87 586 214 629 basoli

0 651 34 691 ll.
64 652 145 707 61⁷¹:
162 678 208 686 -

0 783 137 827 ›olline
163 802 211 829 ex

0 850 26 892 is
54 858 213 907 practer

6 931 132 972 opaca
159 922 212 962 sit

3 993 211 1041 ppareant.

0 1054 212 1109 'ncipiente

0 1121 209 1175 u-nigrum.

0 1187 67 1228 icis
87 1190 209 1242 posti-

0 1254 68 1295 era
97 1256 209 1297 tibia-

0 1321 141 1363 l'rontis
171 1328 209 1364 et

1 1390 209 1440 nterstitiis,

7 1472 18 1505 ς
49 1461 207 1510 mystax

0 1526 87 1563 ctae
117 1537 208 1565 con·

0 1589 17 1628 i
49 1595 207 1644 praeter

0 1780 111 1832 risus,
148 1788 206 1821 m*-

7 1855 206 1903 vergente,

0 1919 95 1954 wis
124 1918 205 1956 lho-

15 1983 205 2022 adversus

0 2071 31 2079 -
49 2050 100 2101 9}
124 2050 205 2098 lin.,

0 2206 27 2234 e.
75 2193 205 2248 Caput

2 2260 203 2300 veslitum.

14 2326 92 2367 ima
124 2326 204 2367 basi

3 2407 41 2444 s,
80 2395 203 2448 niger,

0 2461 53 2515 pis
83 2461 202 2516 nigra.

0 2542 23 2569 es
52 2527 203 2584 polline

0 2595 202 2637 oobraceo

1 2662 200 2718 ceo-polli-

0 2730 200 2771 ollinosae.
246 2776 248 2780 y
320 2728 327 2734 ‘⁷

3 2803 42 2839 te
64 2798 200 2840 ochrw

0 2866 110 2920 tigra3
145 2879 201 2907 se·

2 2933 115 2988 nigro
140 2932 199 2972 vel

0 3001 106 3055 tigri,
136 3013 202 3040 an·

0 3068 98 3120 gincs
136 3081 199 3121 po-

951 274 1163 314 Amen-tene
1192 277 1537 327 septentrionales.
1994 280 2040 320 71

435 384 526 425 stici
563 388 865 438 segmentorum
895 385 1083 434 secundi,
1121 384 1232 427 tertii
1263 390 1303 426 et
1332 386 1467 440 quarti
1501 385 1626 428 latera
1659 400 1795 429 versus
1825 389 2050 444 albo-polli-

437 451 539 491 nosi.
602 451 752 493 Venter
783 453 936 493 nitidus
968 452 1100 502 rufus,
1130 453 1347 506 segmentis
1377 453 1547 508 singulis
1576 454 1698 495 fascia
1730 453 1851 497 tmsali
1883 456 2051 512 pallido-

437 518 637 573 pollinosa
681 523 721 560 et
766 519 887 560 fascia
925 519 1051 565 altera
1090 518 1235 574 apicali
1274 518 1542 575 fusco-nigra,
1587 521 1626 561 in
1668 522 1801 563 medio
1837 522 2052 564 abdomine

437 585 635 625 maculam
680 585 830 640 pallide
875 586 1114 641 pollinosam
1153 590 1319 640 gerente
1355 587 1521 628 ornatis.
1591 586 1720 629 Pedes
1758 589 1834 630 toti
1874 589 1949 631 ruli
1990 590 2050 631 vel

436 651 666 703 luteo-ruli,
702 656 942 693 metatarsus
974 654 1154 707 posticus
1186 665 1325 694 varus.
1362 652 1488 694 latere
1519 654 1709 696 interiore
1738 669 1941 705 concavo,
1981 672 2050 697 cx-

437 718 585 759 teriore
622 732 820 760 convexo.
880 718 957 759 Pili
996 719 1121 759 totius
1158 720 1342 774 corporis
1373 720 1537 769 breves,
1576 722 1617 762 in
1648 721 1825 764 thoracis
1857 724 1980 764 dorso
2012 730 2047 764 et

437 786 474 824 in
496 786 714 827 abdomine
735 786 977 834 brevissimi,
997 785 1207 835 ochracei;
1236 790 1414 827 setarum
1435 786 1550 828 color
1569 788 1610 828 in
1632 788 1844 844 vulpinum
1868 804 2049 846 vergens.

436 851 536 892 Alae
568 851 715 903 fuscae,
745 853 939 894 adversus
970 857 1123 893 costam
1155 858 1192 893 et
1224 854 1264 893 in
1296 854 1373 894 ima
1404 854 1489 895 basi
1518 854 1682 895 sordide
1713 855 1859 907 luteae,
1889 857 1958 898 ubi
1989 858 2048 898 fu-

433 931 524 959 scae
554 923 648 959 sunt
678 923 792 960 certo
824 919 975 960 lumine
1006 920 1424 971 violaceo-micantes,
1459 934 1584 961 venae
1614 921 1895 976 nigro-fuscae,
1927 938 2051 979 prope

435 990 588 1026 costam
635 986 796 1027 sordide
833 986 987 1036 luteae,
1032 988 1072 1027 in
1109 987 1188 1027 ima
1225 987 1310 1027 basi
1348 988 1487 1041 purius
1526 987 1674 1030 luteae.
1701 1010 1753 1020 —
1791 988 2050 1042 (Calit'ornia,

435 1051 481 1091 H.
515 1050 747 1105 Edwards.)

544 1117 685 1159 Nota.
745 1120 987 1168 Callinicus,
1030 1133 1183 1160 novum
1225 1120 1640 1175 Dasypogoninorum
1685 1135 1831 1175 genus,
1869 1125 2049 1178 corporis

434 1185 561 1239 ligura
593 1186 829 1241 Diogmitas
857 1186 1014 1235 similis,
1043 1200 1064 1226 a
1096 1200 1175 1240 qno
1205 1187 1317 1227 tibiis
1346 1188 1492 1228 anticis
1523 1202 1603 1229 non
1630 1188 1840 1229 calcaratis
1860 1189 2052 1231 facillime

436 1253 709 1305 distinguitur.
768 1253 901 1308 Caput
933 1254 1090 1294 modice
1120 1254 1266 1294 latum.
1297 1254 1397 1296 facie
1427 1255 1530 1302 lata,
1559 1256 1644 1296 tota
1676 1254 1821 1297 leviter
1850 1258 2049 1306 convexa,

435 1324 616 1374 mystaee
645 1320 797 1374 rigido,
836 1334 961 1374 usque
991 1320 1039 1359 ad
1073 1325 1340 1361 antennarum
1370 1320 1498 1362 basim
1528 1322 1777 1377 pertinente,
1811 1337 1940 1380 prope
1969 1325 2049 1364 oris

434 1391 665 1441 aperturam
718 1387 941 1440 longiore,⁵
982 1392 1181 1428 antennae
1225 1387 1473 1436 mediocres,
1524 1387 1698 1429 articulo
1742 1390 1865 1430 tertio
1910 1390 2049 1443 primis

434 1452 596 1494 duobus
637 1453 754 1493 simul
800 1455 944 1493 sumtis
989 1452 1109 1507 paulo
1154 1453 1358 1508 longiore,
1401 1454 1555 1508 stylum
1598 1454 1844 1497 mediocrem
1882 1458 2047 1497 crassiu-

433 1519 590 1560 sculum
611 1524 787 1574 gerente.
837 1519 999 1561 Thorax
1024 1520 1253 1571 mediocris,
1284 1534 1505 1568 convexus,
1536 1522 1660 1563 dorso
1682 1521 1772 1576 pilis
1790 1523 2049 1569 brevissi-mis,

433 1588 654 1628 advervsus
685 1589 906 1642 marginem
939 1588 1139 1642 posticum
1161 1587 1258 1628 setis
1280 1587 1543 1628 validioribus
1563 1588 1775 1630 instructo.
1834 1589 2048 1632 Abdomeu

432 1655 589 1708 apicem
628 1668 766 1696 versus
804 1669 885 1695 non
923 1658 1200 1703 attenuatum,
1238 1654 1397 1695 modice
1434 1667 1679 1696 convexum.
1740 1653 1865 1697 Pedes
1893 1656 2049 1711 longiu-

432 1720 554 1770 sculi,
588 1721 722 1772 validi,
753 1721 897 1763 leviter
927 1721 1059 1776 pilosi,
1082 1718 1200 1762 ¹tibiis
1232 1721 1398 1777 posticis
1428 1720 1619 1762 adversus
1650 1722 1804 1776 apicem
1835 1737 1919 1764 non
1947 1737 2049 1764 cras-

433 1788 618 1829 sioribus.
678 1788 845 1829 Alarum
878 1789 1048 1831 cellulae
1078 1789 1322 1844 posteriores
1351 1788 1481 1843 prima
1511 1793 1549 1829 et
1579 1793 1722 1843 quarta
1750 1790 1830 1831 late
1859 1796 2035 1846 apertae.

542 1911 609 1951 33.
642 1912 1000 1967 Heieropogon
1028 1913 1393 1965 phoenicurus,
1425 1923 1519 1952 nov,
1549 1925 1610 1966 sp.
1637 1908 1679 1957 ἅ
1700 1916 1739 1952 et
1760 1910 1804 1955 Ω.
1825 1935 1875 1942 -
1899 1913 2049 1969 Niger,

431 1978 661 2019 abdominis
704 1984 818 2033 apice
861 1979 980 2031 rufo,
1024 1978 1137 2018 tibiis
1179 1979 1382 2032 Iov-sisque
1423 1977 1555 2017 bediis
1591 1979 1655 2017 vel
1688 1992 1738 2018 ex
1772 1980 1873 2034 ruso
1901 1981 2046 2022 boans.

430 2047 588 2085 olorum
620 2046 788 2086 dimidio
816 2046 947 2089 basoli
975 2051 1138 2098 praelev-
1169 2050 1290 2085 imam
1318 2045 1446 2084 basim
1467 2046 1644 2098 hyalino,
1665 2050 1817 2099 apicula*
1836 2053 1963 2103 nigro
1997 2073 2043 2079 -

433 2110 557 2167 Long.
590 2125 699 2168 corp.
731 2112 1024 2166 4÷—5÷1in.‚
1054 2112 1161 2167 long.
1190 2111 1239 2151 al.
1273 2112 1394 2164 4}-
1413 2113 1495 2163 51⁵¹:
1514 2110 1579 2152 lin.

541 2189 662 2231 Mas:
694 2189 839 2246 Niger.v
875 2191 1072 2246 segmenti
1103 2189 1373 2231 abdominalis
1402 2189 1535 2242 quinti
1567 2190 1750 2244 margine
1780 2194 1958 2247 postico,
1988 2207 2045 2235 se-

430 2257 603 2309 gmentis
632 2256 893 2311 sequentibus
923 2258 1021 2298 totis
1051 2261 1090 2298 et
1121 2255 1362 2310 hypopygio
1382 2261 1561 2297 saturate
1581 2256 1692 2303 rufis,
1722 2258 1829 2299 tibiis
1849 2261 2047 2313 tat-sisque

433 2324 560 2364 badiis
592 2324 651 2364 vel
682 2338 731 2364 ex
765 2325 852 2365 rufo
884 2324 1021 2364 badiis.
1053 2323 1113 2363 his
1142 2323 1329 2363 adversus
1357 2322 1512 2377 apicem
1544 2323 1796 2379 Fusco-nigris
1825 2326 1889 2366 vel
1911 2327 2045 2381 nigris.

432 2379 558 2439 Fro‘ns
599 2391 753 2445 polline
783 2391 1080 2432 fusco-cinereo
1111 2403 1292 2445 aspersa,
1330 2402 1468 2443 opaca,
1499 2390 1774 2445 nigro-pilosa.
1834 2393 2046 2433 Antennae

432 2458 583 2511 nigrae,
613 2471 732 2511 quam
765 2459 804 2498 in
837 2458 1050 2513 speciebus
1069 2457 1280 2512 europaeis
1303 2457 1423 2496 etiam
1445 2458 1652 2498 tenuiores
1672 2461 1712 2498 et
1732 2457 1843 2512 stylo
1863 2459 2047 2513 longiore

430 2525 663 2567 instructae.
724 2525 860 2566 Facies
891 2524 1044 2580 polline
1074 2525 1237 2564 cinereo
1269 2535 1413 2577 opaea,
1447 2536 1536 2577 pars
1559 2523 1730 2564 inferior
1748 2526 1943 2578 mystacis
1966 2541 2045 2566 om-

431 2592 527 2631 nino
565 2593 697 2646 nigra,
737 2593 921 2647 superior
950 2606 972 2632 e
1001 2592 1094 2646 pilis
1122 2591 1248 2644 nigris
1279 2594 1316 2630 et
1347 2590 1546 2631 exalbidis
1575 2590 1724 2639 mixta,
1763 2592 1823 2632 his
1853 2592 2045 2633 adversus

430 2657 557 2699 basim
593 2659 797 2700 interdum
830 2659 959 2711 dilute
989 2656 1370 2699 sublutescentibus.
1430 2656 1543 2712 Palpi
1576 2657 1682 2712 nigri
1712 2661 1751 2697 et
1782 2659 2047 2714 nigro-pilosi.

432 2724 602 2766 Orbitae
640 2726 865 2782 occipitalis
902 2731 1013 2766 setae
1042 2725 1200 2779 longae,
1231 2725 1389 2779 nigram,
1427 2724 1590 2779 occiput
1619 2729 1753 2765 totum
1783 2739 1876 2767 cum
1909 2731 2046 2768 mento

430 2797 471 2832 et.
507 2806 602 2833 cum
632 2793 885 2848 proboscidis
917 2792 999 2833 basi
1031 2791 1123 2847 pilis
1153 2791 1354 2845 perlongis
1383 2790 1487 2831 albis
1515 2791 1811 2833 confertissime
1841 2794 2045 2835 vestitum.

432 2857 626 2900 Thoracis
655 2861 818 2901 dorsum
849 2859 1113 2914 subopacum,
1144 2862 1306 2914 praeter
1336 2859 1457 2899 vittas
1488 2863 1566 2900 tres
1587 2859 1811 2900 ordinarias
1830 2859 2045 2901 latissimas

431 2926 586 2980 polline
621 2926 750 2969 dilate
786 2927 1034 2975 lutescente,
1072 2925 1277 2967 interdum
1314 2926 1398 2967 fere
1429 2926 1619 2968 exalbido
1648 2939 1874 2982 aspersum,
1912 2930 2043 2967 totum

430 2992 743 3048 albo-pilosum,
776 2994 872 3035 setis
906 2998 1036 3034 tamen
1067 2992 1346 3047 scapularibus
1374 2994 1553 3047 setisque
1582 3005 1702 3048 supra
1732 2993 1887 3034 alarum
1918 2992 2045 3034 basim

432 3061 567 3115 nigris.
626 3059 796 3102 Pleurae
827 3066 865 3102 et
896 3060 1112 3101 scutellum
1144 3061 1237 3100 albo
1269 3060 1418 3115 pit‹›sa;
1451 3074 1587 3114 margo
1610 3060 1728 3115 hujus
1749 3060 1941 3115 utrinque
1960 3059 2045 3101 seta
