2456 3584
563 265 616 306 64
1072 243 1075 245 -
1151 269 1202 308 H.
1237 269 1376 309 Lucu.-
1407 268 1594 323 Diplem

669 379 716 429 ῼ.
734 376 882 433 socies
910 383 948 418 et
956 376 1088 433 from
1103 379 1480 432 fusco-pollinosoe‚
1510 380 1581 421 5110
1600 386 1737 421 tamen
1756 379 1952 420 adversus
1969 386 2175 437 margines

557 445 709 496 polline
735 444 922 485 exntbrdo
949 459 1140 499 asperent,
1167 447 1350 486 thoracis
1377 447 1542 487 dorsum
1561 452 1691 488 tolum
1701 446 1902 501 fuscum5
1930 448 2021 488 ulae
2040 453 2175 506 nigro-

552 512 726 564 suscoe,
764 512 927 552 macula
960 511 1112 566 pur-vd,
1148 519 1244 553 ante
1279 518 1434 567 apicem
1471 520 1609 553 costae
1637 512 1839 568 contiguet
1868 515 2176 573 cellularumque

563 581 820 635 singulorum
849 580 964 619 disco
991 580 1123 619 elutis.

672 645 799 701 Long.
830 660 945 701 corp.
975 645 1222 701 2422-——35'3
1243 646 1331 697 lin„
1360 646 1472 701 long.
1501 645 1551 688 al.
1581 646 1636 699 2⁷}
1655 670 1703 678 —
1721 646 1862 701 2333.

672 713 788 756 Mas:
820 712 949 754 Frons
978 718 1016 755 et
1036 713 1161 755 facies
1182 712 1335 767 polline
1354 713 1655 762 candidissimo,
1685 713 1769 755 fere
1789 714 2176 768 argenteo-micante

562 780 777 822 confertim
805 784 955 829 tectae,
984 780 1050 821 illa
1078 780 1198 830 nuda,
1230 780 1330 821 haec
1355 779 1445 834 pilis
1478 781 1690 836 perpaucis
1719 780 2051 834 tenuissimisque
2078 780 2176 822 albis

561 861 741 902 aspersa3
777 852 940 901 mystax
976 846 1168 902 simplem
1204 846 1431 889 exalbidus.
1492 847 1707 888 Antennae
1744 851 1857 887 totae
1895 847 2053 902 nigrae,
2088 849 2176 889 arti-

563 914 662 954 culis
692 914 850 955 duobus
879 914 1019 969 primis
1049 914 1300 968 aequalibus,
1330 916 1452 955 tertio
1483 914 1681 956 susil'ormi
1704 912 2042 969 praecedentibus
2059 915 2176 955 simul

562 982 705 1022 sumtis
736 980 858 1035 paulo
881 980 1079 1035 longiore,
1108 981 1217 1035 stylo
1240 981 1442 1022 terminali
1466 981 1623 1030 lineari,
1653 986 1788 1028 acuto,
1817 980 2000 1021 articulis
2020 981 2177 1023 duobus

563 1048 703 1103 primis
731 1047 851 1088 simul
881 1048 1023 1088 sumtis
1054 1049 1254 1089 breviore.
1314 1047 1481 1089 Thorax
1511 1049 1667 1099 fuscus,
1704 1061 1877 1103 opacum
1915 1047 2038 1088 dorso
2069 1048 2177 1090 vittis

563 1115 692 1155 tribus
732 1113 1008 1167 nigro-fuscis
1046 1119 1085 1156 et
1118 1116 1250 1156 antice
1282 1115 1451 1156 maculis
1481 1115 1637 1156 duabus
1668 1116 1823 1169 magnis
1853 1114 2177 1169 candido-polli-

563 1180 672 1222 nosis
703 1186 863 1222 ornato.
924 1179 1093 1222 Pleurae
1115 1182 1269 1236 polline
1290 1196 1340 1223 ex
1362 1182 1563 1223 actu-aceo
1584 1183 1778 1223 subfusco
1799 1194 2000 1235 aspersae,
2032 1181 2177 1236 polline

563 1251 695 1288 tamen
726 1248 852 1289 vittae
883 1248 1037 1289 mediae
1066 1253 1104 1289 et
1137 1262 1331 1290 coxarum
1361 1250 1587 1290 anticarum
1619 1249 1948 1303 posticarumque
1967 1248 2176 1290 albicante.

564 1314 777 1355 Abdomen
807 1319 942 1355 totum
972 1314 1241 1370 aequssatum,
1280 1317 1438 1357 modice
1469 1330 1713 1359 convexum,
1744 1314 2002 1368 laevigatum,
2033 1315 2178 1366 rufum,

563 1381 809 1435 marginibus
838 1380 1071 1423 lateralibus
1101 1387 1402 1437 segmentorum
1429 1383 1681 1438 singulorum
1703 1381 2040 1437 albo-pullinosis.
2098 1382 2177 1436 Hy-

564 1449 786 1503 popygium
817 1460 999 1502 parvum,
1033 1448 1170 1489 rufum
1202 1450 1265 1491 vel
1298 1464 1349 1490 ex
1379 1451 1471 1492 rufo
1503 1451 1678 1491 badium.
1737 1448 1865 1490 Pedes
1895 1450 1991 1496 rufi3
2028 1448 2177 1489 femora

564 1516 765 1556 anteriora
795 1514 990 1555 adversus
1019 1516 1174 1570 apicem
1206 1516 1423 1567 latissime,
1453 1518 1609 1573 postica
1640 1517 1773 1557 minus
1802 1515 1885 1556 late
1915 1515 2177 1569 nigro-susem

564 1582 685 1623 tibiae
726 1582 951 1622 anteriores
981 1583 1171 1624 adversus
1201 1585 1358 1639 apicem
1388 1584 1549 1627 fuscae.
1585 1583 1768 1641 posticae
1798 1582 2088 1636 nigro-fuscam
2122 1595 2178 1623 ar-

565 1650 676 1690 ticuli
712 1648 859 1703 singuli
891 1651 1091 1689 tarsorum
1124 1651 1307 1691 omnium
1337 1651 1529 1691 adversus
1559 1651 1714 1706 apicem
1747 1649 1995 1705 nigro-susci.
2057 1646 2178 1689 Pedes

565 1716 707 1771 postici
752 1715 950 1769 elongati,
996 1715 1102 1756 tibiis
1145 1716 1390 1758 subclavatis
1426 1723 1623 1772 tar-sisque
1659 1716 1927 1757 validissimis.
1993 1714 2176 1756 Halteres

565 1784 714 1838 magni.¹
747 1781 854 1822 flavi.
915 1780 1016 1822 Alae
1046 1783 1339 1838 nigro-fuscae,
1371 1784 1563 1825 adversus
1592 1783 1784 1839 angulum
1815 1782 2027 1824 axillarem
2057 1781 2176 1836 paulo

565 1850 793 1899 dilutiores‚
832 1848 989 1889 macula
1019 1850 1142 1904 parva
1172 1850 1305 1900 eluta,
1340 1851 1447 1893 inter
1475 1855 1630 1892 costam
1662 1855 1703 1891 et
1735 1851 1863 1891 basim
1893 1848 2063 1890 cellulae
2090 1848 2178 1890 sub-

564 1917 793 1970 marginalis
822 1916 1024 1957 secundae
1041 1918 1140 1966 sitin
1171 1917 1316 1959 cellula
1338 1919 1542 1973 posterior
1561 1923 1704 1972 quarta
1725 1918 1884 1973 apicem
1904 1931 2044 1958 versus
2065 1915 2179 1957 valde

564 1989 774 2039 angustata
806 1988 846 2025 et
877 1983 1024 2025 cellula
1054 1984 1181 2025 analis
1211 1985 1360 2026 clausa.

676 2051 932 2092 Foemina:
984 2051 1108 2093 Frons
1145 2051 1516 2106 filsco-pollinosa;
1560 2052 1682 2093 facies
1719 2050 2097 2105 aibido-poninosa,
2139 2048 2177 2089 in

566 2119 674 2159 disco
712 2123 846 2159 tamen
886 2117 1037 2172 polline
1072 2117 1263 2160 subfusco
1303 2119 1516 2161 instructa.
1579 2118 1773 2160 Thoracis
1812 2118 1978 2158 dorsum
2015 2116 2180 2157 maculis

566 2185 994 2242 candido-pollinosis‚
1030 2185 1180 2240 quibus
1210 2199 1294 2225 mas
1326 2190 1513 2235 ornatur,
1543 2185 1663 2242 plane
1694 2185 1949 2226 destitutum.
2010 2183 2111 2224 Alae
2140 2188 2180 2222 ut

565 2253 605 2292 in
635 2266 744 2293 mare
774 2252 1060 2306 nigro-fuscae,
1090 2252 1161 2293 sed
1193 2252 1333 2293 colore
1362 2253 1629 2307 nigro-fusco,
1660 2265 1763 2307 quae
1793 2252 1833 2292 in
1857 2250 1929 2291 alis
1950 2251 2071 2291 maris
2091 2263 2181 2290 con·

564 2319 746 2373 spicitur‚
775 2320 815 2360 in
847 2319 1082 2361 cellularum
1112 2319 1364 2373 singularum
1396 2320 1511 2361 disco
1541 2319 1623 2360 late
1645 2319 1770 2360 eluto.
1829 2317 1876 2358 ln
1896 2316 2065 2373 reliquis
2087 2316 2180 2358 mari

564 2385 779 2427 simillima.
803 2408 851 2416 —
885 2384 1060 2437 (Texasg
1092 2385 1313 2441 Belli-age.)

674 2451 816 2494 Nota.
876 2452 937 2493 Ex
969 2453 1048 2495 illis
1070 2454 1281 2494 Americae
1302 2453 1635 2508 septentrionalis
1655 2452 2012 2507 Dosypogoninis‚
2042 2450 2184 2507 quibus

566 2532 667 2574 apex
699 2520 888 2561 tibiarum
919 2520 1144 2560 anticorum
1174 2520 1288 2574 spina
1320 2525 1497 2561 armatus
1529 2525 1586 2561 est
1619 2524 1658 2560 et
1679 2532 1821 2560 omnes
1842 2518 1999 2560 alarum
2020 2518 2186 2560 cellulae

568 2587 810 2641 posteriores
840 2592 1005 2642 apertae
1034 2591 1149 2636 sunt,
1184 2588 1259 2627 tria
1293 2601 1440 2642 genera
1472 2587 1779 2627 constituantur
1807 2599 1970 2626 necesse
1998 2589 2072 2626 est.
2128 2585 2187 2626 Ac

565 2654 740 2708 primum
767 2668 909 2694 eorum
936 2653 1130 2693 moceria
1150 2660 1445 2707 compunctam
1464 2653 1551 2707 Say
1571 2653 1733 2696 format.
1781 2652 2007 2693 Schinerus
2028 2652 2187 2706 quidem

566 2722 607 2761 in
637 2720 861 2761 Annalibus
890 2721 1032 2761 societ.
1065 2720 1172 2760 zool.
1204 2725 1243 2760 et
1266 2719 1404 2763 botan.
1433 2719 1668 2760 Vindobon.
1701 2718 1929 2772 (Schriften
1959 2718 1997 2759 d.
2023 2717 2189 2760 Wiener

567 2787 671 2829 zool.
702 2788 788 2828 bot.
820 2786 1044 2828 Gesellsch.
1074 2785 1193 2827 XVI.
1226 2787 1353 2840 1846)
1383 2801 1447 2828 me
1476 2788 1608 2842 arguit
1629 2786 1733 2828 hanc
1752 2786 1948 2841 speciem,
1977 2798 2085 2839 quae
2105 2785 2189 2840 jure

567 2855 615 2897 ad
646 2855 863 2896 Diores-tas
891 2854 1103 2905 referatur,
1136 2853 1371 2894 Dinon-iam
1401 2868 1488 2894 esse
1519 2853 1668 2906 injuria
1696 2853 1931 2907 negavisse3
1959 2857 2002 2892 at
2034 2853 2095 2893 vir
2124 2852 2191 2892 do·

568 2924 781 2971 ctissimus,
812 2922 847 2964 si
879 2922 1013 2963 minus
1042 2922 1188 2963 leviter
1217 2935 1304 2962 rem
1335 2921 1618 2968 examinasset,
1649 2920 1729 2962 hoc
1758 2918 1964 2960 affirmare
1985 2932 2067 2959 non
2089 2923 2191 2959 esset

568 3004 710 3039 ausus3
746 2990 903 3031 scilicet
939 2988 1174 3044 diligentius
1211 2987 1406 3043 inspectis
1438 2987 1566 3028 Musei
1600 2985 1957 3028 Wiedemanniani
1998 2985 2194 3041 exemplis

570 3057 686 3097 tibias
710 3058 864 3097 anticas
893 3056 1013 3111 spina
1032 3054 1230 3097 terminali
1255 3055 1402 3094 inuniri
1427 3059 1544 3095 certo
1568 3055 1748 3133 vidisset.
1803 3054 2049 3094 'famenna
2072 3053 2194 3107 igitur
