2424 3632
5 404 55 446 de
85 419 176 449 con·

1 475 178 530 porysio

0 551 75 594 que
95 539 177 583 basi

0 620 6 646 ι
44 607 178 662 nigris.

0 686 73 722 ae,
111 674 177 715 vix

0 757 22 789 ¹,
53 738 177 794 longi-

0 805 178 847 ,tervallo

0 874 123 926 rege.)

0 1024 10 1045 ,
45 1001 177 1052 niger,

25 1062 177 1115 obtuso,

7 1130 177 1184 genibus

0 1197 117 1238 nedm
153 1215 178 1238 u

0 1285 5 1292 ·
53 1262 176 1320 Long.

23 1410 176 1452 albido-

0 1493 5 1518 2
27 1478 176 1532 nigrae,

0 1559 33 1585 ex
65 1544 176 1586 fusco

8 1611 177 1653 fortasse

2 1692 90 1719 rum
111 1678 177 1720 ab·

0 1746 27 1786 ti
60 1747 175 1799 primi

15 1812 96 1853 line
125 1813 176 1853 ei-

14 1892 99 1919 ersa
136 1883 173 1919 et

3 1949 175 1985 xtremo

32 2011 175 2053 alteres

11 2079 175 2133 tigmate

18 2159 36 2186 s
66 2146 179 2200 apice

21 2363 31 2382 ,
68 2334 177 2374 tibiis

15 2417 53 2441 m
80 2402 176 2455 pilis

18 2490 21 2494 ,
45 2470 177 2522 primo

50 2535 173 2587 min.

15 2616 115 2658 revi
137 2621 173 2657 ct

25 2683 172 2725 usulum

18 2769 20 2786 >
66 2780 79 2800 9
115 2765 172 2791 st:-

21 2819 171 2872 gmenti

23 2885 171 2925 *emera

55 2951 170 2991 valde

23 3022 170 3067 ssata,

32 3089 168 3126 tamen

911 300 1125 340 Amen-teuc
1152 298 1498 351 septentrionales.
1966 294 2022 336 89

409 411 596 453 tenuiore
625 414 666 453 et.
694 409 900 452 difficilius
939 410 1183 466 eonspieum
1220 413 1427 465 praeterea
1465 408 1616 450 femora
1654 407 1787 448 antica
1817 406 2022 460 utrinque,

407 479 560 520 femora
590 477 829 520 intermedia
861 482 1019 519 tantum
1049 478 1180 518 antice
1211 476 1337 532 pilum
1366 474 1653 530 subapicalem,
1686 473 1840 516 femora
1871 474 2023 528 postica

409 559 505 587 vero
551 545 591 586 iu
631 544 757 586 latere
796 545 1002 586 anteriore
1042 544 1145 600 pilos
1182 543 1282 584 duos
1319 542 1482 599 longos,
1525 541 1698 584 alterum
1736 540 2023 595 subapicalem,

407 612 580 654 alterum
619 611 669 652 ab
707 611 822 667 apice
860 612 982 667 paulo
1020 611 1177 666 longius
1217 615 1416 651 remotum
1448 614 1613 664 geruum
1653 607 1775 649 tibiae
1803 608 2024 649 anteriores

408 683 568 734 praeter
598 678 725 719 basim
756 678 1024 719 ruso-badiaiu
1057 678 1297 733 plerumque
1327 681 1509 718 saturata
1539 676 1671 718 fuscae
1701 675 1924 729 setulisque
1943 674 2022 731 api-

407 744 558 787 calibus
594 745 841 795 instructae,
876 746 1056 800 posticae
1086 745 1226 785 badiae
1257 743 1319 785 vel
1351 743 1626 792 rufo-badiae,
1662 756 1835 797 superne
1867 745 2026 796 praeter

409 812 532 853 basim
573 816 613 852 et
649 812 807 867 apicem
845 825 965 867 saepe
1002 812 1137 853 susc‘ae
1175 815 1212 852 et
1236 809 1307 851 -ibi
1350 809 1432 865 pilo
1471 810 1615 865 longo,
1654 809 1784 851 multo
1823 808 1943 850 latius
1973 808 2023 849 ab

408 879 521 934 apice
549 891 669 935 quam
700 892 721 919 a
752 878 835 920 basi
866 882 1026 920 remoto
1056 882 1251 926 armatae3
1292 891 1397 933 apex
1428 876 1618 917 tibiarum
1650 875 1899 932 poeticarum
1930 873 2026 915 dila-

410 950 537 997 tatus,
575 946 631 986 ita
672 950 717 987 ut
758 951 888 987 tarsus
927 960 1009 987 non
1048 944 1087 986 in
1123 945 1239 1001 apice
1270 945 1380 1000 ipso,
1417 944 1487 986 sed
1521 943 1641 999 paulo
1671 947 1765 984 ante
1794 946 2024 985 extremum

408 1012 532 1054 tibiae
551 1013 706 1068 apicem
727 1014 901 1054 insertus
922 1014 987 1054 sit.
1037 1012 1150 1055 Tarsi
1173 1013 1394 1053 anteriores
1416 1010 1665 1066 nigro-fusci,
1686 1009 1878 1051 adversus
1899 1009 2026 1050 basim

405 1094 526 1135 saepe
546 1079 780 1132 ruso-badii,
802 1081 947 1136 postici
971 1080 1213 1129 rufo-badii3
1234 1079 1407 1120 articulo
1430 1078 1575 1119 ultimo
1590 1091 1751 1132 semper
1766 1075 2026 1132 nigro-fusco,

409 1147 535 1188 tribus
557 1146 892 1203 praecedentibus
913 1148 1115 1188 interdum
1136 1146 1271 1188 fuscis.
1323 1145 1505 1187 Halteres
1522 1144 1654 1186 albidi.
1706 1143 1807 1185 Alae
1825 1142 2026 1198 hyaliuae,

406 1214 519 1255 venis
556 1227 607 1255 ex
647 1213 757 1254 luteo
796 1213 925 1255 diluta
964 1213 1186 1264 subfuscis;
1226 1226 1351 1254 venae
1381 1211 1703 1268 longitudinales
1733 1211 1862 1266 prima
1894 1216 1933 1252 et.
1963 1224 2025 1251 se·

407 1281 539 1322 cunda
571 1280 730 1322 modice
762 1285 803 1322 et
833 1281 1057 1337 acqualiter
1086 1285 1288 1330 arcuatae,
1324 1280 1444 1320 tertia
1477 1278 1597 1334 paulo
1628 1283 1723 1319 ante
1753 1279 1908 1333 apicem
1938 1278 2025 1319 alae

406 1350 445 1390 in
477 1354 629 1390 costam
652 1362 885 1398 excurrens,
918 1352 1003 1389 tota
1026 1346 1229 1389 levissime
1251 1347 1401 1387 undata
1426 1351 1465 1388 et
1488 1346 1680 1388 adversus
1701 1346 1857 1400 apicem
1881 1344 2025 1385 leviter

407 1416 587 1464 incurva,
618 1419 763 1468 quarta
793 1414 937 1456 leviter
966 1414 1114 1455 undata
1146 1418 1187 1455 et
1218 1415 1362 1456 tertiae
1392 1412 1681 1468 subparallela,
1712 1411 1856 1453 cellula
1880 1410 2025 1452 basalis

406 1483 606 1538 posterior
635 1482 839 1523 anteriore
868 1482 1000 1523 multo
1029 1481 1202 1536 longior,
1225 1502 1276 1510 —
1307 1480 1480 1534 (Texas;
1513 1478 1731 1536 Belsrage.)

517 1604 584 1646 61.
617 1604 871 1659 Drapetis
896 1606 1141 1659 gilvipes,
1180 1618 1274 1645 nov,
1292 1617 1351 1659 sp.
1382 1602 1435 1653 0⁷⁴.
1456 1625 1509 1634 —
1540 1604 1672 1654 Atra,
1701 1602 1850 1652 nitida,
1877 1602 2029 1655 pulpis,

404 1676 518 1710 coxis
546 1672 790 1727 pedibusque
819 1673 961 1723 lutei-u
991 1673 1172 1713 thoracis
1202 1672 1367 1711 dorsum
1393 1676 1561 1725 praeter
1588 1671 1723 1710 latera
1742 1675 1779 1710 et
1799 1675 2029 1725 marginem

403 1743 609 1792 posticum
628 1741 726 1791 pilis
746 1740 1002 1795 longioribus
1023 1741 1145 1780 nullis
1166 1753 1399 1792 uspersum5
1420 1740 1510 1779 aeae
1531 1742 1727 1787 cinereae,
1747 1744 1858 1779 venis
1877 1739 2028 1791 fuscis,

406 1806 773 1860 longiludinalibus
800 1810 936 1860 prima
965 1812 1004 1847 el
1034 1806 1209 1847 secunda
1239 1807 1437 1847 levissime
1465 1810 1664 1856 arcuatis,
1695 1811 1819 1846 ter-lid
1838 1803 2024 1847 subret’ld

299 1876 328 1918 ξ
408 1878 444 1912 01
474 1874 669 1913 adversus
698 1878 854 1928 apicem
884 1888 974 1914 eum
1004 1877 1152 1929 φωναὶ
1168 1874 1383 1928 paranete.
1405 1895 1457 1903 —
1479 1870 1604 1927 Long.
1629 1887 1740 1929 corp.
1764 1874 1892 1926 {linq
1922 1873 2030 1930 long·

409 1939 459 1980 al.
491 1945 518 1994 a}
535 1940 606 1981 nn.

519 2021 634 2071 Atra,
666 2020 920 2062 nitidissima.
981 2021 1197 2063 Antennae
1228 2020 1492 2070 concolores,
1527 2034 1647 2075 quam
1680 2021 1721 2062 in
1752 2024 1887 2076 speeie
1917 2036 2029 2077 prae-

406 2088 577 2130 cedente
615 2088 839 2139 breviores3
876 2088 1072 2131 articulus
1107 2090 1251 2131 tertius
1282 2089 1394 2130 bevis
1425 2094 1467 2129 et
1496 2089 1905 2139 rotundato-ovatus3
1941 2095 2028 2130 seta

406 2154 617 2210 perlonga.
671 2154 789 2211 Palpi
826 2156 991 2198 sordide
1028 2156 1287 2198 latescentes.
1346 2154 1543 2197 Thoracis
1580 2156 1745 2197 dorsum
1775 2158 1885 2211 pube
1915 2157 2027 2198 brevi

407 2222 635 2275 nigricante
665 2224 881 2271 vestitum,
916 2226 1077 2277 praeter
1106 2222 1233 2264 latera
1263 2226 1304 2263 et
1334 2223 1560 2277 marginem
1588 2224 1790 2279 posticum
1820 2224 1913 2279 pilis
1944 2223 2029 2264 lon-

404 2289 583 2341 gioribus
620 2289 743 2344 nigris
776 2289 896 2330 nullis
925 2290 1184 2331 instructum.
1244 2288 1413 2330 Pleurae
1444 2288 1599 2344 polline
1628 2291 1797 2331 omnino
1826 2289 1941 2331 nullo
1964 2290 2030 2331 ad·

290 2376 292 2378 v
403 2368 579 2410 spersae,
601 2356 875 2397 nitidissimae.
926 2356 1139 2397 Abdomen
1161 2361 1296 2397 atrum
1317 2361 1358 2396 et
1380 2356 1569 2403 nitidum,
1596 2358 1815 2412 segmentis
1834 2358 2030 2408 seeundo,

307 2412 332 2471 J
405 2422 528 2462 tertio
565 2427 607 2463 et
646 2427 792 2476 quarto
834 2422 874 2463 in
914 2423 1137 2477 specimine
1172 2423 1377 2477 descripto
1414 2423 1579 2464 sordide
1608 2423 1834 2476 exalbidis,
1871 2426 2030 2480 postico

302 2488 328 2547 Α’
404 2493 540 2529 tamen
579 2489 833 2543 singulorum
873 2492 1055 2544 margine
1090 2494 1198 2539 atro,
1236 2490 1276 2530 in
1307 2490 1597 2546 speciminibus
1626 2491 1919 2533 maturioribus
1950 2493 2027 2533 for·

403 2556 510 2596 sitan
541 2555 741 2597 abdomen
772 2561 905 2598 totum
936 2562 1084 2598 atrum.
1136 2556 1264 2598 Pedes
1295 2570 1387 2597 cum
1418 2557 1533 2598 coxis
1563 2561 1741 2599 saturato
1765 2559 1879 2610 lutei,
1908 2565 2030 2600 meta-

296 2614 333 2663 ²³³.
406 2626 514 2663 tarso
559 2623 717 2677 postico
761 2628 1046 2678 tarsorumque
1090 2624 1272 2664 omnium
1315 2624 1432 2678 apice
1479 2623 1599 2665 fuscis
1643 2624 1708 2666 vel
1749 2625 2031 2681 fusco-nigris.

406 2689 571 2730 Femora
611 2690 852 2731 intermedia
891 2690 1155 2732 validiuscula
1195 2690 1266 2731 sed
1298 2705 1380 2732 non
1411 2692 1652 2743 incrassata,
1693 2693 1847 2734 remora
1877 2693 2032 2748 reliqua

403 2757 564 2797 modice
593 2762 634 2798 et
666 2756 892 2811 aequaliter
921 2757 1153 2800 incrassata,
1215 2757 1356 2800 Tibiae
1386 2760 1613 2800 anteriores
1644 2759 1790 2814 setulis
1811 2761 2033 2815 apiealibus

401 2827 599 2873 armatam
630 2823 820 2865 tibiarum
843 2826 1091 2880 postiearum
1113 2839 1217 2881 apex
1238 2826 1430 2881 simplex.
1482 2826 1670 2868 Halteres
1693 2827 1884 2869 exalbidi.
1935 2828 2033 2870 Alae

403 2892 599 2938 cinereae,
634 2892 746 2932 venis
771 2895 953 2932 saturate
973 2892 1117 2943 fuscis,
1149 2905 1277 2934 venae
1299 2893 1621 2949 longitudiuales
1644 2896 1773 2950 prima
1796 2900 1836 2935 et
1855 2895 2033 2937 secunda

309 2968 325 3016 ⁶
402 2963 562 2999 tantum
595 2958 798 2999 levissime
829 2963 1037 3009 arcuatae,
1075 2960 1195 3001 tertia
1225 2961 1419 3001 subrecta
1450 2966 1491 3003 et
1524 2961 1644 3016 paulo
1674 2966 1771 3004 ante
1802 2967 2033 3003 extremum

404 3027 563 3082 apicem
605 3025 692 3066 alae
728 3026 768 3066 in
803 3030 958 3067 eostam
989 3039 1232 3076 excurrens,
1272 3031 1415 3082 quarta
1446 3030 1596 3070 tertiae
1624 3029 1912 3085 subparallela,
1953 3044 2033 3070 non

402 3092 577 3143 undata,
623 3092 770 3135 triente
814 3098 951 3135 tamen
995 3093 1142 3149 apicati
1185 3095 1384 3148 segmenti
1425 3095 1558 3137 ultimi
1597 3096 1801 3150 levissime
1836 3111 2036 3151 recurvo;

404 3159 556 3201 cenula
590 3160 738 3202 basalis
767 3161 973 3216 posterior
1003 3162 1208 3204 anteriore
1239 3161 1411 3217 longior.
1434 3186 1486 3193 —
1518 3162 1687 3216 (Texas3
1718 3164 1940 3219 Beli'rage.)
