2632 3600
814 36 1387 53 -W-wm*-——u‹q-—mww--o
1405 34 1438 40 --’
1452 36 1460 40 -
1477 35 1502 40 *-*

724 300 778 345 18
1299 303 1355 344 11.
1386 302 1527 346 Low-⁸
1557 303 1737 360 mmm

836 411 906 454 81.
935 412 1246 455 Pteaiomma
1261 413 1512 469 funesto,
1542 426 1637 454 nov.
1667 427 1726 467 sp.
1760 409 1800 460 ὃ
1820 417 1862 455 et
1882 411 1926 457 Ω.
1984 414 2111 464 Aera,
2138 412 2219 454 alta
2240 426 2334 455 ean-

725 478 940 529 colortbm,
967 478 1136 534 pedibus
1164 483 1236 519 aue
1264 479 1371 533 rufio
1398 486 1469 520 mu
1499 483 1650 534 aig-ru,
1679 492 1798 533 saepe
1817 480 2093 521 anterioribus
2118 479 2237 534 rufio,
2260 492 2335 532 ρο-

725 546 843 588 alicio
871 560 966 587 vero
993 549 1144 600 nigris.
1161 567 1214 575 —
1235 543 1364 601 Long.
1384 558 1496 601 corp.
1516 544 1695 599 84—13
1714 543 1800 593 lin.,
1832 543 1957 601 Long.
1979 545 2030 587 al.
2051 546 2229 599 74—10
2247 545 2317 587 lin.

935 609 1028 660 Syn·
1057 612 1278 649 Plesiomnm
1299 611 1460 661 funesta
1491 608 1644 656 Loew,
1672 610 1825 648 Wiener
1852 608 2081 649 Blonatsehr.
2111 609 2151 647 V.
2179 611 2239 648 35.

834 685 970 743 Caput
1007 686 1309 735 fusco-atrum,
1347 699 1533 741 opacum.
1601 685 1763 742 Mystax
1794 687 1893 728 setis
1923 701 2070 730 novem
2100 687 2164 729 vel
2195 687 2337 730 decem

723 752 883 803 validis,
910 752 961 794 ad
992 752 1073 794 oris
1106 754 1325 808 marginem
1358 755 1515 809 positis,
1546 752 1586 793 in
1619 751 1705 793 basi
1736 751 1844 802 ruiis,
1873 753 1914 794 in
1944 754 2060 809 apice
2090 753 2213 809 nigri's
2242 763 2337 795 con·

723 824 849 862 stans.
907 818 1190 861 Antennarum
1220 818 1381 860 articuli
1410 819 1529 875 primi
1562 819 1640 860 duo
1672 818 1797 868 fusci,
1828 819 2109 876 nigro-pilosi,
2137 818 2339 861 secundus

723 886 857 942 primo
885 884 1061 940 longior,
1091 886 1233 926 tertius
1262 883 1599 926 antecedentibus
1627 884 1750 926 simul
1778 886 1923 943 sumtis
1943 884 2136 940 aequalis,
2166 885 2206 926 in
2238 897 2338 927 mar-

724 952 819 1009 gine
847 951 1056 1006 superiore
1086 951 1393 1006 nigro-pilosus,
1423 950 1555 1006 stylus
1584 950 1807 992 terminalis
1828 955 1981 993 acutus.
2028 950 2186 992 Macula
2215 951 2338 993 ssavo-

724 1016 950 1074 pollinosa,
987 1016 1108 1057 oculo
1138 1016 1350 1072 contigua,
1385 1018 1578 1070 utrinque
1614 1017 1723 1058 inter
1761 1016 1905 1058 faciem
1935 1021 1974 1058 et
2006 1016 2183 1058 frontem
2212 1017 2338 1059 cerni-

723 1088 806 1126 tur.
862 1082 985 1125 Setae
1014 1082 1203 1137 occipitis
1232 1083 1393 1138 nigrae,
1422 1096 1563 1135 margo
1592 1082 1768 1124 lateralis
1798 1082 2175 1137 flavo-pollinosus,
2232 1081 2338 1124 'rho-

724 1149 829 1192 racis
858 1149 975 1204 opaci
1007 1149 1122 1191 color
1152 1150 1359 1190 interdum
1389 1147 1576 1189 nonnihil
1606 1152 1646 1190 in
1677 1148 1834 1190 fuscum
1865 1162 2056 1203 vergens3
2090 1147 2162 1204 pili
2191 1149 2339 1190 minuti

723 1214 906 1258 thoracis
935 1219 978 1257 et
1008 1222 1128 1265 setae,
1158 1227 1261 1270 quae
1292 1216 1333 1256 in
1364 1216 1592 1270 posteriore
1621 1217 1707 1271 ejus
1737 1220 1853 1271 parte
1872 1219 2052 1266 exstant,
2083 1215 2338 1270 nigricante..

723 1281 897 1324 Pleurae
924 1282 1215 1336 fusco-nigrae,
1245 1293 1419 1337 opacae;
1443 1281 1643 1337 spiracula
1665 1281 1766 1322 alba.
1818 1280 2050 1323 Scutellum
2072 1285 2217 1331 atrum,
2246 1291 2340 1336 ope-

724 1360 834 1397 cum,
861 1349 957 1390 setis
986 1347 1143 1389 duabus
1174 1347 1394 1403 apicalibus
1423 1348 1559 1404 nigris.
1636 1347 1851 1388 Abdomen
1882 1348 2130 1403 elongatum,
2157 1348 2253 1389 satis
2281 1350 2339 1389 te·

726 1428 826 1465 nue,
861 1418 1016 1463 atrum,
1061 1413 1221 1455 modice
1261 1414 1548 1455 tantummodo
1578 1414 1733 1462 nitens,
1780 1414 1957 1455 breviter
1986 1413 2337 1469 nigro-pilosum.

725 1480 866 1523 Coxae
895 1481 1154 1522 fusco-atrae.
1215 1479 1345 1522 Pedes
1375 1481 1497 1534 nigri,
1537 1480 1657 1521 antici
1689 1480 1942 1535 saepissime,
1979 1479 2202 1522 anteriores
2231 1478 2338 1521 haud

724 1559 840 1599 raro,
876 1559 1019 1588 omnes
1058 1545 1260 1587 rarissime
1300 1544 1381 1586 rufi
1410 1546 1474 1587 vel
1504 1545 1623 1587 badii.
1683 1545 1806 1587 Setae
1834 1547 1876 1587 in
1906 1546 2104 1587 semorum
2135 1546 2269 1600 apice,
2296 1545 2339 1586 in

723 1613 838 1655 tibiis
865 1617 906 1654 et
934 1613 975 1653 in
1007 1613 1124 1653 tarsis
1155 1611 1324 1652 obscure
1356 1611 1466 1653 rufae
1498 1612 1560 1652 vel
1589 1612 1740 1653 fuscae.
1799 1610 1901 1652 Alae
1930 1612 2088 1666 nigrae,
2118 1610 2337 1654 laetissime

725 1677 1223 1734 chalyben-splendentes.
1255 1700 1308 1709 —
1338 1677 1496 1730 (euna,
1526 1677 1653 1732 Poey,
1686 1677 1934 1729 Gundlach.)

836 1800 905 1842 32.
942 1800 1256 1840 Plesicmmn
1292 1801 1640 1855 leptogaslra,
1677 1813 1770 1840 nov.
1812 1812 1871 1854 sp.
1920 1795 1974 1845 (ἶ.
2034 1799 2169 1853 Caput
2199 1799 2338 1840 ochra-

725 1880 851 1917 ceum,
879 1871 1083 1915 antemnis,
1111 1867 1248 1919 pulpe's
1277 1871 1315 1906 et
1343 1866 1580 1920 proboscide
1609 1867 1753 1916 110100‘35
1789 1867 1971 1905 thoracis
2000 1866 2166 1905 dorsum
2196 1866 2338 1906 ochra-

725 1947 852 1984 ceum‚
881 1936 998 1974 villis
1027 1932 1159 1972 tribus
1188 1933 1339 1987 nigris,
1370 1934 1504 1973 medici
1532 1937 1668 1972 unlice
1696 1933 1843 1972 eximie
1862 1933 2064 1983 ‹litatuid5
2091 1932 2259 1985 plear-ue
2286 1935 2340 1973 ci·

724 2013 890 2050 meae,·
917 1998 1113 2039 abdomen
1141 2005 1268 2049 tenue,
1300 2012 1352 2038 ex
1371 2001 1566 2039 ochraceo
1582 1998 1776 2054 fuscum,
1804 1999 1925 2051 pedes
1945 1999 2059 2050 lutei,
2087 2003 2339 2040 anteriorum

722 2065 945 2118 femoribus
973 2079 1158 2119 superne,
1185 2070 1436 2118 poeticorum
1452 2065 1690 2120 semoribus
1725 2065 1915 2120 libii-sque
1932 2066 2034 2116 sere
2061 2070 2163 2106 totis
2191 2071 2336 2121 nigro-

714 2133 881 2189 suscts,
917 2132 1010 2171 alae
1038 2132 1262 2187 aequaliter
1293 2131 1543 2187 infuscatae.
1593 2154 1646 2161 —
1697 2130 1825 2186 Long.
1855 2145 1966 2186 corp.
1999 2133 2051 2185 7}-
2081 2132 2173 2183 lin.‚
2207 2131 2336 2188 Long.

726 2199 778 2241 01.
806 2199 862 2250 ιη
889 2197 960 2238 nn.

837 2273 1149 2330 congeneribus
1178 2274 1381 2331 plerisque
1409 2274 1611 2331 gracilior.
1657 2273 1791 2329 Caput
1813 2274 1961 2329 pallide
1982 2274 2244 2325 ochraceum;
2274 2289 2338 2317 oc·

726 2343 842 2398 ciput
869 2341 1041 2395 nigrum,
1071 2340 1224 2396 polline
1253 2342 1383 2382 dilute
1412 2342 1574 2383 cinereo
1603 2340 1819 2381 confertim
1849 2354 2070 2396 aspersum,
2098 2340 2202 2382 ciliis
2229 2346 2339 2397 post-

727 2407 959 2451 ocularibus
990 2407 1193 2457 tenuibus,
1221 2408 1396 2463 pallidis.
1455 2409 1670 2449 Antennae
1690 2407 1838 2456 luteae,
1869 2407 2041 2448 articulo
2069 2408 2248 2449 secundo
2276 2421 2338 2449 su-

727 2488 867 2532 perne,
894 2473 1019 2515 tertio
1047 2486 1177 2528 prope
1206 2472 1333 2515 basim
1362 2473 1511 2524 fuscis,
1540 2473 1650 2528 stylo
1680 2473 1881 2514 terminali
1912 2478 2048 2524 acuto,
2078 2474 2217 2527 nigro,
2245 2474 2339 2514 arti-

728 2542 813 2584 culi
841 2540 959 2594 primi
990 2539 1070 2579 duo
1102 2544 1142 2599 et
1174 2553 1312 2596 margo
1341 2542 1530 2593 superior
1557 2540 1718 2581 articuli
1752 2541 1862 2581 tei-tii
1893 2540 2158 2596 nigro-pilosi.
2216 2539 2339 2581 Setae

728 2608 986 2664 mystacinae
1020 2605 1183 2646 circiter
1217 2622 1309 2656 sex,
1338 2607 1527 2661 pallidae.
1586 2605 1700 2661 Palpi
1731 2606 1861 2648 dilute
1894 2607 2159 2656 lutescentes,
2188 2606 2340 2662 pallide

728 2672 915 2732 pilosum,
953 2672 1164 2727 proboscis
1200 2686 1250 2713 ex
1280 2673 1394 2713 luteo
1431 2677 1625 2713 testacea.
1693 2672 1738 2712 ln
1768 2673 1890 2714 dorso
1917 2674 2097 2714 thoracis
2126 2673 2252 2715 vittae
2279 2673 2338 2714 ni-

730 2754 827 2799 grae
843 2744 941 2789 tres,
968 2739 1200 2780 interstitiis
1218 2738 1649 2795 ochraceo-pollinosis
1669 2743 1877 2794 separatae
1895 2740 2216 2796 conspiciuntur,
2244 2752 2339 2793 qua-

729 2822 824 2851 rum
854 2806 985 2847 media
1015 2806 1150 2846 antice
1173 2806 1270 2846 mire
1292 2806 1508 2856 dilatatur,
1537 2818 1676 2859 margo
1698 2804 1876 2846 lateralis
1896 2806 2005 2847 dorsi
2026 2805 2181 2860 polline
2201 2805 2340 2848 ochra-

731 2889 807 2918 ceo
834 2873 1001 2929 tegitur,
1029 2871 1189 2912 humeri
1218 2878 1256 2912 et
1288 2871 1439 2912 collare
1476 2870 1614 2912 colore
1651 2871 1852 2913 ochraceo
1889 2872 2112 2928 tinguntur.
2169 2871 2341 2914 Pleurae

731 2943 939 2989 cinereae,
980 2937 1401 2992 albido-pollinosae.
1460 2937 1713 2979 Metanotum
1749 2938 1928 2988 fuscum,
1967 2938 2119 2992 polline
2148 2939 2339 2980 exalbido

730 3020 953 3063 aspersum.
1009 3004 1234 3045 Scutellum
1262 3005 1479 3060 nigricans,
1507 3010 1667 3060 praeter
1698 3006 1897 3060 margines
1917 3004 2104 3047 laterales
2123 3004 2339 3046 ochraceo-

729 3073 992 3131 pollinosum.
1050 3071 1175 3113 Setae
1209 3072 1249 3111 in
1288 3072 1407 3115 dorso
1444 3071 1622 3113 thoracis
1661 3077 1702 3114 et
1736 3073 1777 3113 in
1815 3071 1989 3113 scutello
2019 3084 2159 3113 omnes
2187 3071 2336 3125 nigrae.
