2464 3600
558 142 614 183 62
1159 144 1209 184 ΙΙ.
1243 146 1384 186 Loew:
1415 144 1593 200 Dipeem

557 255 778 295 secumdum
810 260 938 295 totam
971 256 1153 310 corporis
1185 254 1354 296 formam
1388 256 1485 296 nulli
1519 256 1584 296 alii
1616 269 1736 310 (fluam
1769 256 2033 310 Leptomidne
2056 257 2171 300 inseri

559 326 712 376 potest,
748 322 950 376 discrepat
993 328 1125 363 tannen
1167 323 1311 363 luviler
1353 336 1544 363 venarum
1579 324 1616 363 in
1647 322 1722 362 alis
1753 322 1948 372 decursu,
1987 325 2054 378 qni
2088 326 2173 366 talis

558 391 634 438 est,
665 387 775 441 quali
805 388 1076 442 Cephalon-ero
1107 388 1247 430 ulitur,
1307 386 1369 429 Ex
1403 388 1449 428 iis
1478 389 1715 444 speciebus,
1756 401 1855 443 quas
1884 389 1924 430 in
1955 388 2076 432 Ceut.
2103 389 2172 432 Vll

560 455 777 510 proposui,
816 455 959 495 Midas
989 468 1160 494 venosus
1190 454 1273 509 jure
1303 454 1353 495 ad
1391 455 1670 508 heptemimerin
1703 459 1964 497 numeratur.
1997 455 2174 512 reliquae

559 522 599 562 in
632 521 795 577 proprio
825 521 973 562 Midae
1001 534 1149 576 genere
1180 525 1272 562 sunt
1302 522 1554 563 retinendae.

669 642 736 683 21.
770 643 1010 684 Diocli-ia
1046 643 1398 696 resplendens,
1443 657 1535 685 ιιον.
1574 657 1633 699 sp.
1671 646 1728 699 ἆ.
1762 668 1805 675 -
1848 643 2165 700 Nigro-uiridis

556 709 788 763 splendida,
832 717 1010 765 myseuce
1045 709 1297 758 confer-tiore
1330 709 1453 766 ruso,
1498 712 1578 752 ulis
1616 712 1763 767 nigris.
1803 732 1855 741 —
1894 709 2023 767 Long.
2063 726 2171 769 corp.

556 777 611 831 2}
632 775 701 817 liu.
721 797 774 808 —
804 776 914 831 long.
943 776 994 819 al.
1024 778 1077 831 2¹1·
1098 775 1168 818 lin.

670 853 979 909 Nigro-viridis,
1016 854 1171 903 nitens,
1210 853 1300 909 pilis
1331 853 1428 895 rufis
1458 853 1626 904 vestita,
1664 854 1758 911 pilis
1789 859 1924 896 tamen
1958 856 2109 897 ventris
2137 862 2174 898 et

557 921 706 978 pedum
737 920 877 963 colore
905 934 955 962 ex
985 921 1079 964 rufo
1108 921 1149 962 in
1181 920 1425 962 actu-aceum
1446 925 1639 976 vergente
1660 921 1812 962 tinctis.
1872 921 2030 977 Mystax
2053 923 2175 973 rusus,

557 1001 681 1043 quam
719 988 759 1029 in
799 987 1095 1042 congeneribus
1133 987 1338 1043 plerisque
1370 989 1606 1030 confertior.
1666 988 1970 1041 Echthopodam
2000 989 2175 1039 simulat,

557 1054 629 1096 sed
666 1054 821 1096 femora
859 1056 1014 1110 postica
1045 1054 1144 1095 setis
1176 1055 1296 1095 nullis
1326 1054 1525 1096 instructa
1559 1055 1792 1095 Dioetro'um
1823 1055 2013 1110 produnt.
2071 1055 2176 1098 ΊΊιυ-

557 1122 660 1163 racis
697 1121 861 1162 dorsum
902 1134 981 1161 non
1013 1121 1231 1170 villatum,
1268 1125 1400 1162 totum
1431 1122 1654 1177 aequaliter
1682 1121 1916 1177 splendens.
1977 1122 2076 1164 Alae
2104 1137 2174 1178 pro

555 1201 704 1243 genere
733 1186 985 1237 latinsculne,
1017 1187 1167 1243 nigrae.
1191 1210 1243 1220 -
1272 1187 1535 1241 (Calit'ornim
1570 1186 1616 1229 H.
1650 1187 1883 1241 Edwards.)

668 1311 734 1351 22.
767 1311 1095 1365 Echehopoda
1128 1310 1382 1361 formosa,
1419 1323 1511 1352 nov.
1546 1324 1607 1366 sp.
1637 1307 1692 1356 ἅ.
1718 1333 1767 1341 -
1800 1310 1963 1365 Nigra,
2001 1318 2175 1366 mystae-e

544 1376 690 1432 suino,
731 1379 868 1431 pulpis
903 1385 941 1418 el
979 1379 1214 1432 hypopygio
1250 1379 1477 1430 majusculo
1512 1378 1824 1432 nigro-pilosis,
1867 1377 1979 1418 tibiis
2013 1386 2173 1432 praeter

556 1448 743 1484 trientem
772 1445 959 1485 ultimum
988 1446 1120 1485 luteis.
1143 1466 1195 1473 —
1227 1443 1349 1500 Long.
1382 1457 1491 1498 corp.
1523 1444 1577 1497 83·
1601 1443 1684 1495 lin,
1714 1444 1823 1499 long.
1855 1444 1905 1485 al.
1937 1445 2079 1499 641511.

674 1520 811 1577 Nigra,
844 1521 951 1563 tibiis
984 1522 1246 1569 fulvo-luteis,
1275 1524 1525 1564 anteriorum
1558 1521 1706 1563 triente
1735 1521 1878 1577 apicali
1909 1523 2174 1577 posticaruni-

554 1602 633 1643 que
671 1589 785 1643 apice
824 1589 947 1630 etiam
985 1589 1105 1630 latius
1144 1588 1277 1644 nigris.
1338 1588 1501 1644 Mystax
1540 1593 1583 1630 et
1620 1588 1766 1630 frontis
1801 1589 2070 1644 occipitisque
2106 1590 2173 1645 pili

554 1655 674 1703 fulvi,
713 1656 840 1696 menti
871 1660 913 1696 et
941 1656 1195 1712 proboscidis
1225 1656 1512 1704 flavescentes,
1542 1655 1757 1711 palporum
1789 1655 1904 1710 nigri.
1964 1655 2175 1697 Antennae

555 1726 718 1772 tenues,
756 1724 914 1778 nigrae,
953 1722 1136 1764 articulis
1172 1723 1329 1765 duobus
1367 1722 1509 1779 primis
1539 1722 1645 1777 pilos
1675 1736 1725 1763 ex
1759 1721 1874 1763 fulvo
1904 1722 2174 1764 suscescentes

554 1788 800 1843 gerentibus.
861 1789 999 1830 Facies
1029 1803 1103 1844 pro
1133 1790 1321 1844 portione
1350 1790 1562 1845 angustior
1591 1801 1712 1842 quam
1743 1789 1784 1830 in
1815 1788 2086 1843 Echehopoda
2103 1804 2171 1843 pu-

553 1856 667 1907 bera,
702 1855 1072 1897 fulvo-tomenlosa.
1130 1854 1326 1898 Thoracis
1355 1856 1520 1898 dorsum
1552 1860 1737 1897 tomento
1768 1860 1808 1897 et
1838 1855 1930 1910 pilis
1962 1855 2081 1897 fulvis
2111 1869 2172 1897 ve·

552 1924 705 1963 stitum.
763 1921 992 1963 Scutellnm
1023 1922 1345 1978 fulvo-pilosum.
1406 1921 1576 1964 Plourae
1609 1927 1769 1977 praeter
1798 1921 1904 1978 pilos
1937 1921 2067 1963 luteos
2098 1935 2174 1962 ma-

554 1989 654 2030 culis
685 1989 837 2043 aliquot
868 1989 1213 2045 luteo-pullinosis
1242 1991 1475 2032 instructae.
1536 1989 1612 2031 Pili
1634 1988 1862 2030 abdominis
1892 1989 2062 2030 nitentis
2093 2002 2174 2044 per-

555 2056 713 2105 brcves,
741 2058 781 2097 in
804 2056 1000 2097 lateribus
1022 2057 1138 2105 fulvi,
1161 2057 1200 2097 in
1225 2057 1345 2098 dorso
1367 2057 1485 2111 nigri.
1546 2055 1838 2112 Hypopygium
1861 2069 1983 2110 quam
2005 2056 2174 2096 Eehtho-

552 2124 686 2177 posiae
703 2123 876 2177 puberue
905 2124 1045 2177 majus,
1075 2124 1232 2179 nigrum
1255 2128 1295 2164 et
1315 2123 1643 2178 nigro-pilosum.
1704 2123 1874 2164 Femora
1898 2122 2025 2175 nigra,
2050 2122 2174 2162 luteo-

555 2190 697 2245 pilosa,
728 2191 857 2230 antica
889 2190 1072 2237 inermia,
1104 2191 1327 2245 posteriora
1359 2192 1400 2232 in
1432 2189 1559 2230 latere
1588 2190 1725 2230 antico
1754 2189 1881 2245 spinis
1912 2189 2035 2243 nigris
2066 2201 2173 2243 prae·

553 2256 649 2297 dita.
708 2255 848 2297 Tibiae
879 2270 929 2297 ex
961 2256 1075 2298 fulvo
1106 2257 1255 2308 luteae,
1284 2258 1534 2299 anteriorum
1568 2256 1716 2297 triente
1746 2255 1892 2313 apieali
1916 2257 2175 2311 posticarum-

554 2337 635 2378 que
672 2324 784 2378 apice
823 2324 942 2364 latius
982 2324 1126 2379 nigris,
1162 2325 1301 2379 spinae
1338 2325 1380 2364 in
1421 2322 1612 2364 tibiarum
1649 2328 1765 2378 parte
1795 2323 1909 2378 nigra
1937 2336 2101 2372 omnes,
2136 2324 2173 2363 in

554 2389 669 2430 lutea
705 2389 922 2444 pleraeque
959 2391 1108 2444 nigrae.
1166 2390 1279 2431 Tarsi
1311 2392 1429 2445 nigri,
1459 2391 1551 2445 pilis
1581 2390 1791 2445 spinisque
1821 2391 1947 2445 nigris
1975 2388 2173 2430 instructi.

555 2454 744 2497 Halteres
780 2457 944 2498 sordide
981 2457 1079 2499 lutei
1119 2457 1182 2498 vel
1212 2456 1404 2499 subfusci.
1463 2457 1564 2498 Alae
1594 2457 1946 2512 nigro-cinereae,
1984 2456 2175 2497 adversus

555 2522 748 2577 angulum
781 2524 984 2578 posticum
1017 2524 1156 2574 albae3
1189 2537 1313 2565 venae
1343 2525 1485 2578 nigrae
1512 2524 1609 2564 inde
1638 2537 1659 2564 a
1681 2524 1764 2565 basi
1786 2537 1912 2579 usque
1930 2523 1980 2565 ad
2003 2522 2174 2564 mediam

555 2588 663 2630 alam
693 2594 862 2644 anguste
893 2590 1238 2646 nigro-limbatae.
1261 2615 1311 2622 —
1343 2590 1687 2646 (Pennsylvania3
1717 2589 1891 2643 Auxer.)

666 2722 731 2762 23.
764 2724 1119 2779 Leplogaster
1148 2723 1493 2775 brevic-ornis,
1524 2738 1616 2765 nov.
1651 2738 1708 2779 sp.
1732 2722 1776 2768 Ω.
1799 2747 1852 2755 -
1884 2724 2063 2778 Opaens,
2092 2724 2175 2763 thu·

554 2805 649 2830 ruce
682 2803 733 2829 ex
761 2791 948 2830 latericio
975 2790 1118 2842 fusco,
1158 2791 1368 2831 abdomine
1393 2793 1533 2841 fusco,
1572 2796 1794 2846 segmentis
1822 2793 2020 2837 secundo,
2055 2795 2176 2831 terlio

554 2864 591 2898 et
629 2863 777 2912 quarto
813 2858 1172 2906 luteo-annulatis,
1209 2864 1413 2898 antennae
1448 2858 1811 2909 luceo-cesenam,
1849 2860 2027 2899 arficulo
2054 2862 2177 2899 terlio

554 2932 695 2976 ovalo,
732 2938 852 2979 qnam
885 2926 1016 2978 stylus
1053 2926 1282 2966 terminalis
1314 2926 1443 2979 paulo
1477 2926 1678 2977 breviore3
1712 2926 1836 2980 pedes
1870 2926 2175 2975 luteo-testacei,
