2544 3584
591 240 643 281 Μ
1112 270 1116 273 -
1169 240 1224 282 Η.
1256 240 1395 280 Locus.-
1425 239 1606 292 Dipteros

590 350 689 391 lium
719 350 909 399 secundi,
946 349 1057 391 tertii
1087 354 1129 390 et
1157 349 1292 404 quarti
1321 349 1516 390 adversus
1554 349 1683 390 latera
1720 348 1949 391 abdominis
1979 347 2116 389 colore
2145 348 2200 391 lu-

591 421 774 459 tescente
803 418 976 464 tinctae,
1015 417 1069 456 ita
1111 420 1154 456 ut
1183 416 1331 457 fasciae
1359 420 1443 457 tres
1475 420 1693 471 angustae,
1729 415 1926 456 latissime
1955 414 2204 471 interruptae

591 484 917 538 conspiciantur;
947 496 1084 537 margo
1116 483 1298 537 posticus
1325 482 1523 537 segmenti
1558 482 1691 535 quinti
1722 486 1834 523 totus
1866 481 2042 523 lutescit.
2099 481 2202 523 Ven-

591 554 653 591 ter
682 555 790 600 ater,
827 549 939 590 disco
970 548 1181 597 latissime,
1218 548 1493 604 inaequaliter
1532 553 1572 590 et
1603 548 1767 589 sordide
1797 548 2034 590 latescente.
2092 547 2204 590 Hanc

592 616 821 658 abdominis
852 615 1050 670 picturam
1081 617 1121 657 in
1152 615 1442 672 speciminibus
1472 615 1574 656 vivis
1605 619 1732 656 totam
1763 614 1933 657 viridem
1964 628 2052 655 esse
2079 617 2204 671 suspi-

593 697 675 724 cor.
735 681 865 724 Pedes
895 682 1020 735 nigri,
1057 681 1260 723 femorum
1291 684 1427 738 apice,
1466 681 1657 722 tibiarum
1694 680 1776 722 basi
1808 686 1846 722 et
1876 686 2062 722 extremo
2090 683 2204 737 apice

594 749 807 804 primoque
843 753 1045 789 tarsorum
1085 749 1261 790 articulo
1300 754 1460 805 praeter
1496 749 1653 803 apicem
1682 747 1839 788 fuscum
1870 747 2204 791 luteo-testaceis.

592 815 692 856 Alae
723 815 927 869 hyalinae,
957 816 1070 856 venis
1102 816 1367 857 validioribus
1400 816 1677 870 nigro-fuscis,
1715 814 1856 856 costali
1886 820 2024 856 tamen
2055 819 2095 856 et
2122 815 2203 856 lon-

591 881 808 937 gitudinali
838 881 962 924 tertia
991 883 1185 924 adversus
1215 883 1372 937 apicem
1413 882 1640 932 subfuscis,
1678 882 1783 923 vena.
1811 881 2099 938 longitudinali
2129 888 2204 923 ter-

592 949 646 990 tia
690 948 849 990 ramulo
894 949 1117 1000 insinuem,
1161 949 1306 991 cellula
1352 949 1564 991 discoidali
1601 962 1726 990 venas
1762 948 2121 991 duas·emittente.
2152 972 2203 981 —

594 1015 767 1069 (Middle
797 1015 971 1068 Sintes.)

706 1138 744 1178 7.
776 1140 1123 1193 Stratiomyia
1151 1143 1401 1195 insignis,
1440 1152 1536 1179 nov,
1566 1152 1626 1194 sp.
1659 1136 1714 1184 ἅ.
1746 1160 1796 1168 —-
1828 1138 1986 1195 Nigra,
2016 1139 2204 1194 Iuleo-pi-

593 1207 694 1255 tosa,
723 1206 882 1245 scutelli
912 1206 1082 1246 dimidio
1109 1207 1264 1260 apicula·
1283 1212 1659 1261 segmentorumque
1684 1205 2000 1246 uhdominnle‘um
2028 1207 2206 1258 secundi,

592 1274 705 1313 tertia·
734 1278 772 1312 el
802 1273 942 1327 quarti
971 1273 1142 1314 maculis
1171 1273 1408 1313 lateralibus
1434 1274 1567 1324 flavis,
1596 1273 1763 1313 secunde·
1793 1278 1991 1328 integris,
2028 1279 2139 1314 tertii
2168 1280 2204 1314 el

593 1341 731 1395 quarti
760 1343 868 1380 vitm
898 1339 1059 1396 obliqua
1088 1340 1215 1394 nigra
1246 1344 1289 1380 ἰπ
1317 1341 1518 1380 'naculum
1554 1340 1854 1395 triangularem
1890 1345 1927 1381 el
1958 1356 2004 1381 m
2031 1347 2205 1397 «strigam

593 1408 793 1464 obh‘qunm
822 1408 1033 1458 dissecti-s,-
1059 1412 1275 1460 praeterea
1303 1421 1449 1463 margo
1467 1412 1652 1462 posticas
1670 1408 1871 1462 segmenti
1899 1412 2038 1463 quarti
2055 1415 2206 1461 puncto

590 1476 696 1525 [lavo
724 1481 763 1516 el
791 1480 1041 1530 segmentum
1071 1477 1258 1529 quintum
1287 1476 1437 1516 villula
1463 1474 1579 1525 flava
1607 1480 1824 1515 ornantur.
1855 1499 1905 1505 ——
1937 1473 2068 1529 Long.
2094 1489 2203 1531 corp.

590 1543 743 1596 53¹5—ss
771 1542 857 1593 lin.‚
887 1541 993 1595 long.
1024 1540 1076 1581 al.
1106 1540 1259 1593 421-—5
1289 1540 1358 1581 lin.

699 1620 838 1676 Nigra
869 1618 1000 1673 capite
1030 1621 1119 1659 toto
1148 1617 1391 1673 scutellique
1421 1617 1589 1659 dimidio
1619 1617 1745 1659 hasali
1770 1617 2073 1660 concoloribus.
2129 1619 2206 1662 Pu-

591 1687 660 1729 bes
688 1688 731 1728 in
762 1685 989 1728 abdominis
1020 1685 1133 1725 disco
1163 1685 1290 1738 nigra,
1320 1685 1360 1724 in
1390 1683 1548 1738 reliquo
1587 1698 1761 1739 corpore
1791 1684 1913 1726 lutea.
1972 1685 2206 1728 Secundum

591 1753 819 1795 abdominis
855 1757 1111 1807 segmentum
1154 1751 1347 1805 utrinque
1386 1751 1586 1793 maculam
1622 1752 1887 1806 majusculam
1920 1753 2205 1807 triangularem

592 1821 737 1862 flavam
765 1821 891 1875 gerit3
919 1822 1224 1874 segmentorum
1255 1818 1364 1858 tertii
1397 1822 1438 1859 et
1468 1820 1601 1871 quarti
1639 1818 1822 1859 maculae
1851 1818 2039 1860 laterales
2068 1820 2206 1872 flavae,

591 1888 765 1942 majores
793 1899 917 1940 quam
945 1885 1145 1940 segmenti
1183 1884 1303 1940 primi
1343 1889 1384 1925 et
1413 1885 1545 1925 minus
1575 1885 1864 1940 triangulares,
1903 1899 1984 1926 non
2016 1887 2206 1942 integrae,

592 1953 662 1994 sed
696 1952 802 1993 vitta
832 1952 999 2005 obliqua
1039 1951 1151 2006 nigra
1191 1951 1411 2000 dissectae,
1448 1951 1505 1991 ita
1536 1956 1579 1991 ut
1609 1958 1771 2006 praeter
1799 1952 1994 2008 angulum
2025 1954 2204 1994 anticum

591 2021 790 2073 segmenti
819 2019 946 2073 striga
977 2018 1157 2072 obliqua,
1186 2018 1384 2058 arcuatim
1426 2031 1479 2058 ex
1516 2019 1662 2073 angalo
1697 2021 1854 2074 postico
1883 2020 2079 2061 adversus
2108 2034 2205 2061 mar·

592 2088 728 2142 ginem
758 2087 941 2126 anticum
980 2084 1198 2126 ascendens
1235 2085 1374 2125 colore
1410 2085 1518 2124 flavo
1548 2086 1656 2140 picta
1685 2088 1758 2136 sit,
1788 2100 1892 2141 quae
1921 2087 1963 2127 in
1994 2093 2206 2141 segmento

591 2152 716 2194 tertio
746 2152 941 2193 adversus
969 2151 1090 2193 finem
1121 2152 1220 2192 satis
1242 2151 1456 2200 dilatatur,
1485 2164 1623 2206 margo
1646 2154 1829 2208 posticus
1855 2155 2055 2209 segmenti
2075 2156 2206 2209 quarti

596 2224 749 2275 puncto
788 2219 910 2270 ssavo,
946 2223 1202 2274 segmentum
1239 2219 1430 2271 quintum
1469 2219 1619 2260 vinula
1656 2221 1826 2274 angusta
1864 2221 1969 2263 flava
2000 2225 2204 2263 notantur.

592 2286 858 2341 Segmentum
889 2286 1071 2326 venti-ale
1098 2284 1325 2326 secundum
1355 2291 1518 2339 praeter
1546 2286 1746 2328 maculam
1767 2287 1941 2329 basalem
1970 2288 2124 2342 nigram
2145 2294 2205 2329 to-

592 2357 676 2394 tum
717 2353 889 2402 ssavum;
925 2356 1179 2406 segmentum
1216 2353 1383 2393 tertium
1423 2357 1463 2392 et
1500 2358 1688 2407 quartum
1725 2355 1863 2410 nigra,
1899 2355 2023 2396 fascia
2064 2355 2204 2409 apicati

594 2420 808 2472 utriusque
837 2420 962 2469 flava,
992 2418 1225 2468 latim-iculi),
1266 2418 1390 2460 latera
1429 2433 1568 2461 versus
1606 2434 1734 2474 usque
1769 2421 1818 2462 ad
1850 2421 2075 2477 marginem
2104 2422 2204 2463 anti-

594 2500 685 2527 cum
715 2487 914 2540 segmenti
945 2486 1132 2536 dilatata,
1160 2490 1416 2541 segmentum
1448 2487 1637 2540 quintum
1668 2487 1842 2541 nigrum,
1872 2489 2052 2530 tenuiter
2079 2490 2205 2530 ssavo-

593 2553 876 2607 marginatum.
938 2551 1065 2594 Pedes
1103 2553 1223 2603 lutei,
1266 2552 1487 2594 femoribus
1523 2558 1660 2595 tamen
1700 2560 1859 2609 praeter
1887 2556 2041 2610 apicem
2072 2557 2206 2610 nigris,

594 2619 701 2660 tibiis
731 2619 883 2660 annulo
913 2625 1082 2675 angusto
1113 2619 1364 2674 nigro-fusco
1394 2621 1552 2670 cinctis,
1581 2621 1700 2661 tarsis
1728 2622 1883 2676 apicem
1916 2636 2056 2663 versus
2075 2622 2204 2664 fuscis.

594 2686 694 2728 Alae
723 2686 963 2729 infuscatae.
999 2711 1042 2717 —-
1077 2686 1341 2739 (California,
1370 2686 1419 2727 H.
1453 2685 1684 2740 Edwards.)

703 2752 849 2797 Nota.
909 2753 1081 2809 Propter
1110 2754 1283 2796 similem
1313 2753 1541 2796 abdominis
1578 2756 1776 2810 picturam
1808 2758 1969 2797 Str-ulio
1981 2762 2121 2809 nytom
2149 2761 2207 2798 in·

592 2825 750 2877 signem
780 2834 933 2863 marem
963 2823 1257 2877 Strutae‘omyiae
1285 2823 1517 2862 maculosae
1545 2821 1683 2875 (Cent.
1707 2822 1792 2863 Vll.
1819 2823 1899 2876 19.)
1933 2838 2020 2865 esse
2050 2837 2206 2878 persua-

593 2902 682 2930 sum
711 2887 918 2939 haberem,
950 2889 1025 2931 nisi
1055 2889 1178 2932 facies
1207 2894 1249 2931 et
1278 2888 1496 2930 scutellum
1527 2889 1647 2944 hujus
1679 2895 1761 2931 tota
1791 2890 1894 2930 flava
1924 2893 2071 2932 essent.
