2456 3600
0 397 99 452 stylo
121 413 198 440 non

0 464 83 505 idde
116 465 200 506 lho-

0 533 200 578 stitutum,

0 597 119 639 llulae
149 599 200 639 di-

0 678 52 705 ιω
92 664 202 704 Bina·

2 745 50 772 ne
82 732 202 786 {inagis

1 812 91 839 cum
124 799 201 853 Py.
286 827 288 829 -

0 870 4 905 Ι
17 880 28 914 3
64 865 203 905 Blucis

0 946 60 986 [ue
76 932 202 972 miuus

0 1123 204 1177 segmentis

0 1190 48 1229 'vis
65 1190 205 1228 latiore

0 1261 3 1294 ἱ
23 1256 204 1311 hyalino,

4 1328 45 1363 ia·
76 1328 205 1378 aequi-

1 1469 96 1508 niue
126 1467 206 1506 lon-

0 1538 206 1588 gmentum

0 1616 20 1641 n
54 1601 208 1654 longius
286 1624 289 1628 -
322 1594 324 1596 ’

322 1656 327 1669 2

3 1670 62 1708 ior
91 1680 206 1720 quam

5 1734 127 1777 tertio
147 1747 207 1773 an-

8 1802 145 1842 ·iss'e1·l.
160 1823 207 1830 -—

25 1938 73 1977 lis
104 1949 209 1976 usur-

6 2002 208 2044 eclaravi.

9 2085 61 2120 m,
90 2069 210 2123 quod.

24 2152 81 2186 m,
116 2149 210 2190 quas

84 2326 209 2379 Diog-

27 2399 58 2434 is
89 2393 211 2448 facile

15 2543 213 2596 gueretur,
294 2560 296 2562 ·

13 2621 61 2648 co
91 2607 213 2661 pictas

24 2672 213 2729 rginalem
297 2705 299 2708 ,

22 2755 148 2797 usque
168 2739 215 2779 ad

22 2806 215 2850 ecundam

26 2875 85 2917 cie
105 2873 217 2914 color

20 2957 133 2992 cum,
177 2940 216 2980 in

38 3024 99 3052 em
138 3022 215 3048 non

24 3092 64 3118 re
96 3075 216 3117 tertia

920 285 1134 325 Amen-icae
1161 285 1494 339 septentrionalis
1962 285 2015 328 67

400 408 421 436 a
462 395 712 452 marginibus
749 394 938 437 omnibus
973 395 1103 438 limbo
1133 396 1303 452 hyalino
1332 400 1562 452 separatum
1592 396 1634 438 in
1656 397 1896 453 Diogmitas
1924 397 2014 437 hies·-

399 467 513 504 ποσαί
541 462 685 505 cellula
715 463 940 518 posteriore
970 464 1114 518 quarta
1146 463 1301 505 macula
1334 469 1517 515 cuneata,
1549 477 1641 505 cum
1672 464 1852 519 margine
1872 464 2016 519 apicati

400 529 724 580 subcohaerws,
761 531 801 571 in
832 531 1076 586 De‘ogmilae
1109 533 1332 585 symmachi
1363 531 1480 572 litura
1511 530 1687 584 oblonga
1717 544 1738 571 a
1771 532 2018 587 marginibus

400 596 587 638 omnibus
630 596 765 637 limbis
807 596 986 650 hyalinis
1030 598 1255 653 aequaliter
1297 601 1480 653 separata
1519 598 1793 652 conspicitur,
1830 599 1870 639 in
1908 597 2018 639 illius

401 662 548 704 cenula
586 664 808 718 posteriore
843 665 985 720 quinta
1017 665 1174 706 macula
1206 678 1347 721 magna
1378 664 1560 717 trigona,
1599 678 1691 705 cum
1723 666 1903 720 margine
1933 664 2020 706 alae

401 731 644 781 cohaerens,
683 730 723 771 in
759 730 881 786 hujus
916 731 1059 774 eadem
1090 731 1237 773 cellula
1268 730 1423 773 macula
1455 732 1613 787 trigona
1644 732 1693 773 ah
1723 731 1811 774 alae
1840 731 2020 786 margine

403 796 527 837 limbo
558 797 726 851 hyalino
753 803 937 853 separata
968 799 1230 850 observatum,
1261 798 1433 854 angulus
1461 798 1639 839 axillaris
1663 798 1900 854 Diogmitae
1936 798 2020 839 bita·-

400 869 513 904 neali
534 865 747 919 vestigium
768 866 951 922 picturae
971 868 1155 909 cinereae
1175 866 1345 917 nullum,
1369 865 1608 920 Diogmitne
1622 868 1842 917 symmache·
1857 866 2018 907 lituram

402 943 495 972 cum
526 931 706 985 margine
734 932 820 974 alae
850 933 1081 988 parallelam
1114 934 1306 976 ostendit.
1367 932 1523 973 Cellula
1555 932 1758 986 posterior
1779 934 1895 974 tertia
1919 933 2017 973 Dio-

402 1002 553 1052 gmilae
579 1001 800 1051 aeymmachi
830 1005 995 1056 propter
1025 1000 1107 1042 alas
1138 1001 1273 1043 minus
1304 1000 1404 1041 latas
1435 1000 1569 1041 minus
1591 999 1670 1040 lata
1692 1004 1751 1040 est
1773 1012 1893 1054 quam
1919 999 2019 1040 Dio-

397 1069 556 1120 gmitas
582 1066 777 1109 bilinenti.
802 1090 852 1098 -
884 1065 1060 1120 (Texas;
1088 1067 1311 1124 Belsrage.)

514 1190 578 1231 27.
620 1190 986 1244 Microstylum
1021 1204 1286 1240 morosum,
1325 1204 1419 1232 nov.
1456 1182 1515 1246 sp.
1555 1192 1598 1243 ἆ
1629 1196 1667 1232 et
1694 1193 1739 1243 ῼ.
1765 1213 1813 1222 -
1856 1192 2024 1251 Atrum,

402 1258 481 1298 aua
523 1257 765 1312 pedibusque
800 1259 1099 1311 concolor-ihm,
1142 1264 1279 1313 capite
1315 1260 1555 1314 thoraceque
1594 1258 2022 1312 exalbido·pollinosis‚

400 1325 553 1379 polline
584 1331 719 1365 tamen
754 1330 796 1365 in
826 1327 947 1366 dorso
975 1328 1159 1367 thoracis
1185 1333 1350 1381 praeter
1379 1331 1588 1381 margines
1615 1327 1850 1376 rarissimo,
1885 1326 2023 1377 herba,

404 1397 594 1446 mystae-e,
621 1397 721 1432 sem
751 1397 792 1433 in
818 1398 992 1447 posticis
1022 1395 1205 1435 thoracis
1234 1394 1400 1450 ungulis
1429 1399 1465 1433 et
1487 1397 1530 1434 in
1551 1394 1666 1433 cos-‘0
1684 1393 1895 1435 exalbidis.
1925 1399 2025 1434 selis

404 1460 574 1514 reliquis
601 1459 784 1500 omnihus
811 1464 961 1516 nigris.

516 1539 558 1590 c?
586 1537 795 1579 abdomine
823 1544 911 1579 loto
938 1543 1077 1595 nigro.

518 1613 549 1659 Ω
578 1621 799 1671 segmentis
818 1616 1139 1658 abdominaltbus
1159 1622 1296 1666 tertio,
1323 1623 1470 1672 quarto
1489 1623 1525 1657 et
1542 1621 1686 1672 quinto
1696 1622 1864 1671 praeter
1879 1618 2022 1668 latera,

404 1689 523 1723 sexto
551 1684 745 1724 adversus
773 1684 899 1724 basim
929 1687 1041 1735 rufis.

519 1748 644 1805 Long.
676 1763 787 1805 corp.
822 1751 969 1805 1η-
990 1750 1171 1804 18÷1in.‚
1201 1750 1309 1805 long.
1340 1751 1391 1792 al.
1426 1749 1728 1803 134-141511.

520 1827 637 1870 Mas:
667 1827 794 1871 Totus
813 1830 940 1885 niger,
969 1829 1213 1884 subopacus,
1244 1828 1414 1884 pedibus
1435 1830 1530 1870 totis
1550 1828 1707 1882 alisque
1727 1829 2024 1871 concoloribus.

406 1896 542 1952 Caput
578 1895 1012 1951 albida-pollinosum,
1052 1896 1240 1951 occipitis
1278 1895 1430 1950 polline
1465 1900 1627 1950 praeter
1660 1896 1815 1937 orbitas
1851 1897 2025 1946 rariore3

407 1964 539 2019 palpi,
575 1963 655 2004 duo
696 1964 813 2018 primi
851 1969 1120 2005 antennarum
1156 1963 1339 2013 articuli,
1377 1963 1487 2004 frons
1524 1967 1566 2004 et
1601 1962 1813 2003 dimidium
1841 1964 2026 2018 superius

407 2031 594 2086 accipitis
624 2030 717 2084 pilis
737 2031 916 2085 setisque
937 2031 1062 2086 nigris
1083 2033 1302 2079 instructa3
1331 2030 1478 2083 reliqui
1499 2029 1686 2083 occipitis
1706 2029 1778 2085 pili
1801 2035 1841 2070 et
1862 2035 2025 2085 mystax

407 2097 546 2139 albidi.
594 2095 757 2137 Thorax
778 2096 1173 2152 albido·pollinosus‚
1196 2097 1349 2153 polline
1369 2096 1477 2137 dorsi
1497 2100 1659 2151 praeter
1678 2097 1878 2151 margines
1896 2096 2026 2138 multo

407 2166 579 2214 rariorer,
608 2163 832 2220 prothorax
861 2178 1038 2219 superne
1068 2167 1374 2220 nigro-setosus,
1405 2163 1504 2204 infra
1532 2162 1915 2218 exalbido-pilosus;
1946 2177 2024 2205 me-

406 2231 631 2273 sothoraeis
661 2231 826 2271 dorsum
855 2231 1100 2280 sabaudum,
1130 2232 1227 2287 pilis
1258 2231 1502 2273 brevissimis
1524 2229 1647 2283 nigris
1666 2230 1924 2282 instructum,
1954 2231 2024 2272 sed

409 2299 448 2339 in
487 2297 643 2353 angulis
684 2297 847 2352 posticis
882 2297 989 2354 pube
1026 2298 1278 2340 confertiore
1307 2297 1494 2339 exalbida
1525 2297 1740 2347 vestitum3
1777 2302 1888 2339 setae
1917 2299 2024 2340 dorsi

323 2423 326 2426 Α
409 2379 522 2407 rarae
552 2369 588 2406 et
612 2377 687 2421 pro
708 2366 895 2420 portione
916 2366 1075 2415 breves,
1104 2365 1345 2421 angulorum
1375 2366 1627 2421 posticorum
1649 2363 1818 2416 albidae,
1847 2365 2029 2422 reliquae

408 2433 560 2487 nigrae.
618 2431 743 2473 Setae
773 2432 1012 2488 marginales
1042 2432 1204 2474 scutelli
1237 2433 1394 2486 nigrae3
1428 2438 1603 2473 setarum
1635 2432 1771 2481 series,
1801 2444 1906 2486 quae
1935 2439 2029 2475 ante

329 2534 332 2535 γ
410 2500 586 2541 halteres
605 2500 869 2555 conspicitur,
890 2499 1092 2541 exalbida.
1150 2499 1369 2541 Abdomen
1391 2499 1592 2541 levissime
1613 2498 2027 2552 albida-pollinosum,

409 2568 603 2610 adversus
639 2567 765 2608 basim
801 2572 842 2609 et
873 2568 1074 2623 margines
1107 2567 1293 2608 laterales
1324 2566 1477 2623 polline
1506 2566 1666 2607 modice
1695 2566 1941 2609 confertiere
1963 2569 2027 2609 ad-

409 2648 609 2691 spersum3
638 2633 711 2690 pili
740 2633 969 2675 abdominis
999 2634 1218 2691 perbreves
1258 2635 1380 2689 nigri,
1417 2634 1608 2676 adversus
1645 2634 1771 2677 latera
1801 2635 2029 2677 abdomini⁸

409 2701 554 2750 albidi;
584 2702 708 2743 latera
738 2702 934 2757 segmenti
964 2703 1085 2757 primi
1115 2703 1213 2743 setis
1241 2702 1365 2756 nigris
1387 2707 1428 2742 et
1448 2701 1609 2757 pallidis
1629 2706 1796 2753 armata,
1828 2703 2027 2757 reliquum

410 2769 611 2810 abdomen
647 2769 746 2810 setis
780 2768 1039 2821 destitutum,
1086 2768 1380 2825 Hypopygium
1422 2770 1577 2825 nigrum
1615 2774 1655 2810 et
1692 2769 2028 2825 nigro-pilosum,

333 2876 335 2878 ,
409 2835 551 2877 Coxae
580 2835 963 2889 albida-poninosae
993 2841 1034 2877 et
1065 2835 1391 2891 albido-pilosae.
1464 2836 1592 2878 Pedes
1630 2836 1866 2879 brevissime
1898 2840 2030 2892 nigro-

411 2902 542 2958 pilosi,
582 2902 803 2944 femoribus
834 2907 969 2943 tamen
1001 2904 1169 2958 posticis
1199 2903 1283 2945 sere
1314 2904 1409 2945 totis
1439 2904 1776 2959 intermediisque
1806 2904 1946 2957 magna
1979 2920 2028 2945 ex

413 2975 527 3024 parte
556 2969 869 3024 albida-pilosis;
909 2976 1018 3012 setae
1040 2971 1190 3027 pedum
1220 2985 1297 3027 pro
1318 2972 1507 3027 portione
1532 2970 1696 3022 breves,
1727 2972 1877 3026 nigrae.
1940 2970 2029 3011 Pul-

414 3037 496 3077 villi
530 3037 777 3093 fusco-nigri.
838 3037 1020 3078 Halteres
1052 3037 1181 3079 dilute
1213 3038 1472 3082 ltitescentes.
1533 3037 1636 3081 Alae
1666 3043 1779 3079 totae
1810 3039 2032 3091 aequaliter

1702 3107 1751 3146 5.
