2456 3616
561 262 614 307 84
1083 281 1085 283 ·
1138 265 1194 308 H.
1226 266 1365 307 Loewz
1396 265 1578 320 Diptera

561 375 680 418 latius
717 381 758 419 et
788 377 972 426 brevius,
1011 375 1115 418 laete
1154 376 1401 427 violaceum,
1439 377 1766 432 albo-pilosum,
1802 382 2012 432 segmento
2042 383 2173 423 tamen

561 443 685 485 tertio
715 448 874 500 praeter
904 444 1103 497 margines
1134 443 1321 485 laterales
1341 444 1613 499 nigro-piloso
1633 449 1674 485 et
1693 444 1891 498 segmenti
1912 446 2046 498 quarti
2066 445 2174 488 diseo

562 514 723 564 praeter
750 510 854 566 pilos
884 509 1001 551 albos
1031 509 1123 565 pilis
1152 509 1403 551 brevioribus
1434 511 1557 566 nigris
1587 511 1751 554 vestito.
1809 508 1935 552 Pedes
1969 513 2046 553 toti
2076 514 2173 568 nigri

561 582 602 618 et
624 576 876 631 albo-pilosi3
906 576 1060 618 fenora
1080 578 1238 632 postica
1260 576 1407 626 valida,
1427 577 1494 618 sed
1518 590 1600 617 non
1622 576 1852 626 incrassata,
1873 591 2001 633 prope
2021 580 2173 634 apicem

561 644 665 684 infra
698 642 910 685 subexeiea
945 647 987 685 et
1016 644 1158 685 setulis
1188 643 1327 697 rigidis
1357 643 1481 697 nigris
1511 643 1723 685 instructa.
1783 643 1996 685 Halterum
2026 646 2173 699 pedun-

561 710 674 750 culus
702 709 855 759 fuscus,
884 710 1106 763 capitulum
1136 710 1266 751 dilute
1286 710 1494 760 ssavicansg
1525 709 1685 765 tegulae
1705 709 1831 753 albae.
1880 709 1980 751 Alae
1999 711 2172 753 cinereo·

561 776 764 830 hyalinae,
793 776 988 818 adversus
1018 778 1174 833 apicem
1205 777 1424 817 saturatius
1453 777 1649 826 cinereae,
1680 776 1829 818 cellula
1858 776 2002 818 costali
2022 779 2173 833 apicem

561 857 700 885 versus
730 847 770 885 et
798 843 987 898 stigmate
1017 848 1105 884 toto
1134 842 1264 884 dilute
1293 843 1516 895 infuscatis,
1547 844 1660 885 venis
1679 843 1949 899 fusco-nigris,
1978 849 2173 888 transver-

559 910 709 951 salibus
738 910 916 951 tenuiter
945 909 1274 951 fusco-limbatis.
1295 933 1345 940 —
1379 909 1718 964 (Pennsylvania;
1752 911 1922 964 Auxer.)

670 975 813 1018 Nota.
848 976 1037 1032 Speciem
1068 976 1187 1027 hane,
1218 977 1400 1032 corporis
1421 976 1547 1018 forma
1571 991 1619 1019 ac
1638 976 1765 1032 figura
1787 978 1893 1018 inter
1913 978 2174 1021 Grion-Mnus

560 1048 600 1084 et
636 1043 950 1099 Brachypolpos
992 1042 1106 1097 quasi
1142 1042 1451 1094 intermediam,
1483 1049 1651 1100 propter
1687 1044 1888 1085 femorum
1927 1046 2173 1100 posticorum

558 1110 755 1152 fabricam
786 1110 1173 1165 Brachypolporum
1203 1110 1341 1164 generi
1369 1111 1538 1160 inserui;
1569 1111 1670 1152 facie
1698 1112 1804 1152 infra
1833 1112 1935 1152 mire
1965 1112 2173 1167 producta,

559 1177 614 1219 ita
646 1182 691 1218 ut
722 1178 926 1218 (Milesiae
960 1183 1206 1231 personatos
1235 1175 1324 1218 va.
1361 1176 1504 1218 similis
1538 1178 1615 1229 sit,
1653 1178 1700 1219 ab
1740 1183 1915 1233 utroque
1944 1192 2089 1233 genere
2118 1179 2172 1220 di-

558 1245 705 1301 stingui
736 1248 778 1286 et
807 1257 933 1299 genus
965 1257 1117 1285 novum
1147 1244 1399 1286 constituere
1427 1249 1575 1300 potest.

668 1369 733 1409 52.
766 1367 1054 1421 Myiolepla
1087 1373 1268 1422 nigra,
1307 1380 1402 1407 nov.
1441 1381 1501 1422 sp.
1530 1369 1652 1418 ῼ,-
1680 1365 1847 1422 Nigra,
1881 1368 2038 1419 nitida,
2074 1369 2172 1422 pube

558 1435 649 1476 alba
680 1439 850 1486 vestita,
886 1441 1093 1475 tor-sorum
1126 1439 1400 1489 posteriorum
1436 1436 1626 1475 articulis
1671 1434 1802 1474 tribus
1835 1440 1981 1486 primis
2014 1437 2172 1476 sordide

559 1502 857 1551 latescentibus,
886 1502 965 1542 alis
993 1501 1231 1553 insu-scaeis.
1254 1523 1305 1530 —
1336 1500 1463 1556 Long.
1494 1515 1607 1556 corp.
1636 1501 1792 1555 3fflin„
1821 1501 1928 1557 long.
1959 1500 2008 1542 al.
2040 1502 2067 1542 3
2086 1502 2153 1543 lin.

671 1581 810 1636 Nigra,
840 1581 991 1632 nitida,
1030 1585 1117 1622 tota
1147 1581 1498 1637 albo-pubescens.
1556 1581 1685 1623 Frons
1716 1582 1907 1637 utrinque
1935 1581 2091 1623 macula
2121 1583 2171 1622 al·

559 1648 873 1704 bido-pullinosa
904 1652 1059 1690 notata.
1111 1648 1328 1690 Antennae
1355 1648 1643 1704 fusco-nigrae.
1694 1649 1831 1691 Facies
1861 1662 2054 1700 concava,
2073 1650 2171 1704 peri-

557 1718 714 1758 stomio·
737 1715 859 1757 valde
888 1716 1112 1772 producto,
1142 1716 1293 1765 nitida,
1322 1715 1450 1757 fascia.
1477 1717 1637 1772 supera,
1666 1714 1913 1771 marginibus
1942 1715 2172 1757 lateralibus

559 1789 598 1825 et
634 1784 827 1838 utrinque
861 1781 1010 1824 vittula
1039 1781 1205 1836 oblique
1234 1782 1284 1823 ad
1313 1783 1597 1838 peristomium
1627 1783 1797 1826 demissa
1827 1782 1941 1823 albo·
1952 1782 2169 1838 pollinosis.

561 1850 698 1905 Margo
734 1851 893 1891 anticus
922 1849 1102 1891 thoracis
1131 1849 1285 1905 polline
1314 1850 1409 1891 albo
1440 1864 1636 1907 aspersus.
1695 1850 1825 1892 Pedes
1853 1850 1978 1905 nigri3
2014 1849 2170 1890 articuli

560 1922 639 1960 tres
668 1918 789 1972 primi
810 1921 1011 1958 tarsorum
1031 1918 1302 1970 posteriorum
1322 1917 1486 1959 sordide
1505 1918 1750 1960 lutescentes
1772 1916 1835 1958 vel
1855 1916 2019 1958 sordide
2038 1916 2169 1965 albidi,

560 1985 832 2039 posteriorum
869 1988 1007 2024 tamen
1045 1983 1183 2025 colore
1219 1984 1463 2025 saturatiore
1499 1989 1539 2026 et
1577 1985 1768 2026 adversus
1808 1984 1934 2025 basim
1972 1987 2169 2023 tarsorum

559 2051 600 2091 in
633 2050 869 2093 subsuseum
906 2054 1100 2105 vergente
1136 2051 1249 2105 picti.
1307 2050 1492 2093 Halteres
1531 2051 1663 2093 dilute
1693 2052 1977 2102 flavescentes3
2014 2050 2171 2103 tegulae

558 2117 687 2159 albae.
746 2119 846 2160 Alae
873 2118 1109 2168 infuscatae,
1137 2118 1332 2159 adversus
1353 2119 1576 2173 marginem
1598 2119 1800 2174 posticum
1822 2118 2016 2168 cinereae,
2046 2117 2169 2158 basim

559 2197 696 2227 versus
726 2184 930 2239 hyalinae.
952 2207 1006 2215 —
1037 2183 1376 2240 (Pennsylvania3
1407 2187 1579 2239 Auxer.)

667 2308 735 2351 53.
768 2309 1061 2363 Myiolepto
1095 2322 1265 2357 aerea,
1300 2321 1394 2348 nov.
1436 2322 1494 2363 sp.
1524 2308 1569 2359 ῼ.
1599 2330 1653 2339 -
1688 2309 1990 2358 γίνίάί-αεηοα,
2024 2311 2170 2356 nitens,

557 2381 743 2431 margine
771 2380 910 2416 antico
929 2375 1109 2428 frontis,
1138 2379 1262 2415 tertio
1290 2381 1588 2416 aantennarum
1618 2377 1795 2417 articulo
1818 2375 1911 2429 fere
1930 2380 2029 2425 toto,
2056 2374 2170 2414 ubiu-

557 2458 645 2483 rum
680 2444 769 2484 basi
805 2448 844 2483 et
881 2446 995 2494 apice
1029 2447 1231 2493 extremo,
1274 2447 1401 2482 tarsis
1438 2444 1607 2497 denique
1640 2449 1804 2496 praeter
1838 2443 2035 2484 articulos
2072 2442 2170 2481 ditos

557 2512 721 2552 ultimos
740 2511 858 2565 rufis,
878 2510 957 2550 ulis
977 2509 1274 2550 lactescentibus.
1297 2533 1346 2541 —
1369 2507 1496 2564 Long.
1517 2523 1617 2566 corp
1637 2510 1718 2563 3³12}
1732 2510 1818 2562 lin.,
1836 2510 1946 2566 long.
1966 2510 2015 2550 al.
2032 2509 2084 2562 33-
2101 2507 2168 2548 lin.

668 2591 963 2640 viridi-aenea,
1012 2590 1166 2640 nitens,
1216 2589 1323 2645 pube
1372 2590 1484 2631 brevi
1531 2591 1774 2633 flavescente
1818 2591 1976 2632 vestita.
2047 2588 2170 2630 Frons

557 2659 749 2712 utrinque
779 2657 942 2699 macula
970 2656 1303 2712 albo-pullinos&
1332 2661 1474 2698 notata
1503 2662 1544 2699 et
1573 2671 1695 2714 supra
1723 2662 1919 2699 antennas
1949 2656 2169 2702 rufo-mar-

555 2724 702 2779 ginata.
763 2724 858 2765 Duo
889 2722 1009 2779 primi
1039 2728 1306 2765 antennarum
1335 2724 1495 2765 articuli
1525 2725 1785 2780 nigro-fusci,
1816 2723 2011 2765 articulus
2029 2722 2171 2763 tertius

556 2786 676 2845 quam
707 2792 748 2832 in
772 2792 1015 2846 Mye'olepeis
1037 2792 1162 2845 nigra
1191 2796 1232 2833 et
1260 2792 1450 2845 varipede
1477 2792 1620 2848 major,
1650 2806 1743 2834 vere
1772 2791 1984 2839 rotundus,
2011 2788 2172 2830 sordide

554 2858 687 2910 rurus,
726 2858 919 2900 adversus
954 2858 1178 2912 marginem
1208 2872 1397 2913 superum
1430 2859 1511 2901 late
1539 2859 1751 2909 fusceseit,
1788 2862 1874 2899 seta
1904 2861 2171 2898 antennarum

554 2923 673 2966 lutea.
728 2924 869 2966 Facies
896 2938 1089 2976 concava,
1110 2930 1272 2981 praeter
1299 2926 1462 2967 vittulas
1481 2926 1871 2982 albido-pollinosas,
1890 2925 1939 2965 ab
1960 2920 2170 2963 oculorum

552 2991 734 3046 margine
764 2992 900 3034 antico
930 2993 979 3033 ad
1010 2993 1294 3048 peristomium
1323 2993 1487 3034 modice
1515 2994 1763 3048 productum
1796 2991 1958 3045 oblique
1978 2988 2171 3029 demissas

553 3061 638 3101 tota
673 3058 814 3102 nitida.
883 3059 1022 3116 Margo
1061 3062 1219 3102 anticus
1255 3060 1433 3101 thoracis
1471 3060 1623 3116 polline
1661 3060 1753 3101 albo
1793 3059 1935 3100 leviter
1970 3068 2168 3111 aspersus.
