2608 3584
0 445 21 472 s
47 435 184 486 nigris

0 499 75 551 ⁴1⁸⁶!
97 495 167 537 'in-

0 564 76 604 uris
104 561 188 602 lon·

1 628 106 669 albis
122 639 190 668 ve·

0 693 80 735 nto
110 704 189 733 ma-

0 764 29 801 tt
59 762 192 799 totum

0 825 94 875 bus,
121 822 192 864 scd

17 888 193 944 angulis-

0 971 31 999 n
49 960 92 998 et
116 959 193 997 ter·

0 1036 74 1072 am,
100 1018 196 1062 in'de

15 1100 195 1143 segmen-

0 1158 130 1196 )tatur
155 1155 198 1194 et
285 1197 307 1208 μ

0 1221 199 1275 tegmento

0 1301 60 1337 ατς
88 1297 199 1340 prae-

22 1354 129 1394 ssavo
158 1354 201 1391 et

0 1431 114 1461 mora
142 1416 200 1457 ni·

0 1487 72 1527 »iae
99 1484 200 1524 lute-

0 1549 203 1594 ubl'uscae,

2 1631 21 1658 s
49 1614 202 1656 ultimis

0 1762 34 1789 ·o
61 1748 106 1787 in
125 1744 205 1787 Ho-

12 1815 124 1869 ique,
151 1812 205 1853 fa-

6 1880 206 1923 nolentes,
283 1904 286 1908 -

64 1957 206 1987 eorum

10 2098 14 2103 -
58 2076 206 2132 specie-

17 2174 44 2196 .‚
78 2144 135 2183 ita
163 2145 210 2181 ut

13 2222 116 2252 rsae
142 2206 209 2250 ad·

8 2397 215 2452 o-pilosa,

13 2479 58 2505 er
74 2463 215 2509 basim,

20 2530 117 2572 ertii
143 2542 215 2568 an·

25 2629 28 2633 .
78 2594 217 2652 quarti

29 2661 217 2709 cratibus,

36 2729 101 2770 uel
125 2731 219 2767 viri-

23 2801 132 2851 ‘sque
157 2807 219 2833 ss·

94 2859 221 2915 Long.

23 3005 67 3047 n
96 3004 224 3060 nigra,

16 3073 64 3114 is
92 3070 226 3125 quinti

919 312 1135 352 American
1163 311 1505 365 septentrionalia.
1931 307 2010 350 181

400 421 536 464 antice
564 435 648 463 uon
678 420 836 469 latiore,
862 420 932 463 sed
964 420 1098 462 minus
1129 419 1208 461 tata
1238 419 1493 476 pedibusque
1530 416 1835 461 obscurioribus
1862 416 1914 460 ab
1945 416 2014 459 illa

402 486 515 530 facile
543 486 822 543 distinguitur.
850 509 903 517 —
933 485 1072 542 Nigra,
1100 485 1396 541 alnido-pilosa,
1425 486 1466 527 in
1497 484 1675 527 thoracis
1694 483 1817 525 dorso
1841 481 1934 539 pilis
1954 484 2013 526 ui-

401 553 483 608 gris
511 552 771 601 intermixtis,
800 552 855 593 ita
885 557 931 594 ut
961 552 1088 594 vittae
1118 556 1159 593 et
1179 552 1324 604 fasciae
1354 551 1614 606 imperfectae
1634 553 1678 591 et
1708 549 1918 592 obsoletae
1945 562 2016 605 sp·.

403 622 582 673 pareant.
641 617 774 674 Caput
806 618 989 674 nigrum,
1025 618 1147 661 facies
1178 621 1262 659 tota
1293 617 1509 663 concolor,
1548 615 1708 658 modice
1737 627 1942 662 convexa;
1970 615 2013 657 in

401 685 536 726 l'ronte
578 690 676 727 ante
717 683 868 725 ocellos
912 683 1070 726 macula
1116 685 1269 725 minuta
1318 683 1564 725 subcordata
1605 682 1708 723 flava
1751 681 2012 736 conspicitur.

401 750 628 792 Scutellum
657 753 820 805 praeter
847 749 976 792 basim
1005 754 1047 791 et
1078 749 1249 804 angulos
1279 749 1465 789 laterales
1494 748 1642 789 ssavum
1673 747 1738 789 vel
1767 747 1908 789 viride.
1964 745 2013 789 ln

401 817 633 859 abdominis
659 819 870 870 segmento
900 815 1080 858 secundo
1110 817 1303 868 utrinque
1334 813 1490 855 macula
1522 826 1665 867 magna
1693 812 1943 868 subtrigona,
1968 813 2012 854 in

405 883 526 924 tertio
556 882 748 935 utrinque
778 881 933 922 macula
964 881 1120 922 minuta
1143 881 1279 936 anguli
1309 881 1433 921 antici
1452 884 1493 921 et
1513 873 1636 934 striga
1657 883 1887 920 transversa
1910 890 2011 919 mar-

401 949 506 1003 ginis
535 947 682 1003 postici
711 946 849 988 colore
878 947 987 988 flavo
1019 947 1082 988 vel
1103 948 1222 989 viridi
1244 948 1376 1003 pictae
1396 949 1510 991 sunu
1539 949 1793 1000 segmentum
1822 949 2013 999 quartum

402 1018 561 1070 praeter
590 1012 832 1069 angulorum
863 1013 1092 1054 anticorum
1123 1015 1279 1069 apicem
1311 1013 1437 1052 latera
1469 1011 1658 1066 marginis
1687 1011 1834 1065 postici
1863 1010 2011 1052 tenuis·

401 1079 502 1121 sime
530 1079 638 1121 tlavo
668 1078 732 1120 vel
762 1078 880 1119 viridi
911 1079 1079 1119 limbata
1111 1079 1231 1121 habet
1259 1083 1301 1120 et
1321 1077 1519 1119 maculam
1543 1076 1715 1118 mediam
1745 1076 1925 1131 ejusdem
1944 1088 2010 1117 co-

403 1145 511 1194 loris,
539 1144 995 1199 elongato-triangulam
1023 1144 1150 1198 gerit,
1183 1147 1436 1199 segmentum
1466 1143 1654 1196 quintum
1685 1141 1787 1183 vitta
1815 1141 1918 1182 aava
1946 1140 2011 1183 vel

403 1210 542 1260 viridi,
583 1210 740 1265 postice
775 1209 894 1264 paulo
933 1209 1079 1250 latiore
1109 1213 1150 1250 et
1180 1209 1357 1264 integra,
1400 1209 1533 1249 antioc
1568 1207 1802 1250 abbreviata
1831 1211 2009 1249 ornatur.

404 1275 559 1317 Venter
587 1277 714 1331 niger,
742 1275 866 1316 fascia
892 1276 1093 1331 segmenti
1115 1275 1283 1316 secundi
1313 1274 1470 1330 postica
1491 1274 1822 1330 marginibusque
1842 1273 2010 1330 posticis

405 1345 706 1395 segmentorum
736 1342 995 1395 sequentium
1024 1340 1140 1381 flavis
1170 1340 1234 1382 vel
1270 1339 1479 1382 viridibus.
1549 1339 1721 1381 Femora
1762 1340 1898 1395 nigra,
1940 1352 2010 1381 ex·

404 1411 535 1447 tremo
559 1407 675 1461 apice
701 1406 947 1462 latescente3
976 1405 1099 1448 tibiae
1127 1406 1351 1447 anteriores
1385 1404 1543 1454 fuscae,
1570 1405 1754 1461 posticae
1780 1405 2010 1456 subfuscae,

405 1473 554 1513 triente
597 1470 720 1513 basali
766 1471 946 1512 omnium
978 1471 1107 1514 dilute
1135 1471 1380 1520 lutescente3
1411 1471 1510 1512 tarsi
1538 1470 1639 1513 lutei
1674 1470 1832 1527 apicem
1870 1483 2011 1512 versus

404 1537 516 1579 susci.
574 1537 675 1580 Alae
700 1537 936 1579 infuscatae.
970 1559 1019 1566 --
1050 1537 1177 1590 (New
1197 1536 1336 1586 York3
1365 1535 1712 1588 Oeten-Sacken.)

459 1602 597 1644 Nota.
657 1602 802 1645 Utrum
832 1603 932 1645 haec
960 1604 1117 1659 species
1147 1605 1237 1645 viva
1259 1603 1459 1658 picturam
1482 1601 1665 1650 viridem,
1694 1606 1741 1643 ut
1768 1602 1930 1658 opinor,
1956 1615 2010 1643 an

512 1669 659 1710 flavam
688 1668 856 1720 habeat,
891 1683 944 1711 ex
980 1668 1268 1724 speciminibus
1303 1669 1442 1723 paucis
1470 1667 1685 1711 exsiccatis
1713 1666 1880 1710 difficile
1906 1668 2010 1722 judi·

514 1738 642 1775 catur.

514 1857 555 1897 6.
584 1857 927 1911 Strattomyta
953 1857 1254 1899 unilimbata
1284 1870 1380 1898 nov,
1413 1870 1472 1911 sp.
1517 1854 1562 1901 Ω.
1620 1856 1776 1912 Nigra,
1802 1857 2007 1899 exalhido-

403 1923 559 1977 pilosa,
585 1923 720 1976 capite
747 1924 976 1974 concolor-e,
1011 1925 1173 1965 macula
1203 1927 1337 1979 parva
1352 1922 1521 1978 frontis
1556 1924 1803 1978 maculisque
1829 1925 2010 1966 laterali·

404 1989 477 2029 bus
492 1987 633 2043 faciei
650 1987 791 2042 slavis
798 2004 814 2040 ,-
847 1990 1016 2031 scutella
1042 1996 1206 2043 praeter
1238 1990 1386 2038 basim,
1427 1994 1626 2045 segmenti
1652 1989 1922 2031 abdominum
1947 2004 2010 2031 ss-

404 2053 529 2095 eundi
556 2055 726 2095 maculis
754 2055 990 2096 lateralibus
1017 2061 1196 2112 magnis,
1221 2060 1369 2110 strigis
1396 2055 1631 2096 lateralibus
1662 2060 1705 2096 in
1723 2061 1910 2112 margine
1933 2071 2008 2111 po·

403 2125 510 2161 stica
534 2125 734 2176 segmenti
761 2122 886 2172 tertii,
913 2128 1112 2176 segmenti
1140 2127 1279 2177 quarti
1307 2121 1425 2161 limbo
1450 2122 1613 2176 postico
1649 2127 1777 2172 tenui,
1805 2123 2011 2178 inaequali

404 2192 446 2227 et
473 2191 518 2228 in
544 2188 676 2228 medio
704 2190 748 2227 in
776 2189 1030 2244 triangulum
1059 2189 1248 2239 dilatato,
1276 2191 1384 2229 unm
1401 2192 1600 2242 segmenti
1627 2192 1763 2244 quinti
1789 2189 2010 2230 latiusculd

405 2253 659 2309 subaequali,
692 2255 859 2308 angulis
894 2256 1047 2295 aulicis
1083 2256 1252 2310 denique
1286 2260 1586 2309 segmentorum
1620 2256 1855 2295 ultimorum
1883 2259 2010 2295 trium

391 2318 528 2373 flavis
554 2320 618 2359 vel
644 2332 695 2359 ex
721 2321 847 2361 viridi
860 2321 1023 2376 flavis,·
1050 2326 1187 2361 venter·
1213 2325 1347 2375 niger,
1364 2319 1516 2374 fascia
1542 2324 1706 2372 postica
1724 2323 1923 2375 segmenti
1950 2335 2008 2362 ss·

406 2384 530 2425 cundi
554 2391 929 2440 segmentorumque
955 2387 1204 2440 reliquorum
1239 2385 1492 2440 marginibus
1517 2391 1693 2439 posticis
1706 2386 1844 2440 flavis
1871 2388 1935 2427 vel
1957 2400 2010 2427 ex

405 2451 530 2491 viridi
543 2450 691 2505 flavis.
720 2473 773 2480 —-
805 2450 928 2507 Long.
958 2463 1071 2506 corp.
1101 2453 1183 2505 53⁷5
1211 2451 1295 2502 lin.,
1324 2449 1449 2506 Long.
1479 2450 1531 2492 al.
1560 2452 1614 2505 422-
1643 2451 1711 2491 lin.

514 2525 652 2580 Nigra,
680 2526 772 2582 pilis
800 2527 1000 2569 exalbidis
1028 2527 1094 2568 vel
1122 2526 1366 2568 dilutissime
1399 2526 1694 2569 lutescentibus
1720 2529 1880 2570 vestita.
1934 2529 2007 2570 Ca·

407 2597 482 2648 put
508 2592 723 2640 concolor,
750 2592 870 2634 factes
897 2606 1096 2642 convexa,
1124 2592 1383 2648 albo-pilosa,
1411 2593 1604 2647 utrinque
1623 2593 1783 2635 macuta
1799 2595 2009 2651 marginali

406 2658 531 2709 flava,
567 2658 610 2699 in
644 2658 782 2699 fronte
816 2658 972 2699 macula
1009 2659 1163 2699 minuta
1198 2658 1444 2700 subcordata
1479 2659 1585 2700 flava
1620 2663 1716 2701 ante
1751 2659 1904 2701 ocellos
1930 2661 2009 2702 sita

407 2729 482 2766 est.
535 2723 583 2764 ln
610 2723 790 2765 thoracis
817 2725 939 2765 dorso
967 2723 1061 2779 pilis
1090 2724 1219 2766 dilute
1245 2724 1544 2766 tumescentibus
1564 2726 1667 2781 nigri
1685 2725 1928 2776 intermixti,
1954 2728 2010 2768 ita

407 2794 456 2831 ut
482 2790 612 2831 vittae
639 2794 682 2831 et
707 2789 856 2831 fasciae
884 2788 1157 2845 incompletae
1193 2795 1235 2831 et
1263 2790 1588 2832 obsoletissimae
1614 2791 1728 2832 fiant.
1782 2791 2010 2834 Scutellum

408 2870 460 2897 ex
488 2855 608 2897 viridi
637 2857 807 2904 ssavum,
837 2857 921 2897 basi
957 2855 1198 2911 angulisque
1234 2855 1468 2898 lateralibus
1503 2856 1641 2911 nigris.
1709 2856 1925 2899 Abdomen
1953 2859 2011 2900 ni-

407 2934 543 2977 grum,
570 2928 824 2977 segmentum
852 2922 1075 2963 secundum
1105 2921 1296 2975 utrinque
1316 2921 1514 2963 maculam
1544 2935 1730 2977 magnam
1757 2924 2011 2979 subtriangu·

408 2986 504 3037 lam,
530 2990 784 3040 segmentum
815 2988 981 3029 tertium
1011 2992 1173 3042 praeter
1205 2987 1377 3042 angulos
1403 2988 1561 3029 anticos
1589 2993 1795 3029 extremos
1822 2990 2014 3045 utrinque

409 3053 452 3093 in
480 3054 663 3108 margine
698 3054 857 3107 postico
891 3053 1058 3107 strigam
1093 3066 1164 3094 seu
1202 3052 1401 3094 maculam
1436 3057 1707 3095 transversam
1742 3053 1879 3096 colore
1907 3055 2013 3097 ssavo
