2432 3632
524 259 580 305 82
1119 260 1175 301 ΙΙ.
1206 261 1327 301 Loew
1336 276 1349 299 .-
1379 258 1561 314 Diptem

521 372 740 428 septimum
784 370 1109 421 immaculatum,
1153 370 1450 412 obsoletissime
1494 369 1922 425 albido·pollinosum.
1988 371 2141 417 Venter

523 443 634 480 totns
677 438 804 493 niger.
868 436 998 478 Pedes
1041 436 1165 488 fusci,
1211 437 1327 478 tarsis
1371 438 1529 492 apicem
1576 451 1716 478 versus
1753 437 1891 493 nigris.
1957 438 2141 484 Halteres

523 506 643 561 nigri,
662 503 893 561 pedunculo
915 503 1043 545 fusco.
1088 503 1192 545 Alae
1214 503 1420 558 hyalinae,
1442 505 1556 545 venis
1578 504 1719 559 nigris,
1740 504 1931 559 stigmate
1947 506 2073 548 nullo.
2089 531 2141 540 —

524 571 788 625 (California3
820 569 868 611 H.
890 569 1122 622 Edwards.)

635 638 773 680 Nota.
824 636 985 679 Novum
1015 637 1352 691 Bombyiidarum
1389 650 1537 692 genus,
1575 636 1641 677 cui
1671 638 1855 678 Atlocon
1895 652 2041 681 nomeu
2074 642 2140 683 im-

523 707 655 762 posui,
682 718 704 746 a
734 704 900 759 reliquis
931 704 1267 758 Bombylidarum
1297 703 1511 758 generibus
1543 703 1651 744 notis
1683 703 1744 745 his
1773 703 2045 761 distinguitur.

633 771 792 826 Corpus
821 771 1110 826 cylindricum‚
1142 771 1310 812 nudum.
1371 769 1504 827 Caput
1532 770 1813 826 sphaericum,
1841 771 1979 814 fronte
2009 780 2140 817 tamen

520 839 793 896 prominente.
840 838 1052 881 Autenuae
1073 840 1231 887 breves,
1251 839 1578 893 approximatae3
1607 838 1803 880 articulus
1823 841 1968 880 tertius
1988 841 2143 884 duobus

522 906 664 962 primis
699 905 820 948 simul
856 907 1001 947 sumtis
1037 905 1237 960 aequalis,
1274 906 1388 961 apice
1426 905 1595 959 oblique
1632 909 1844 957 truncato,
1881 906 1992 961 stylo
2026 909 2142 964 plane

522 973 723 1016 obsoleto.
783 972 906 1014 Oculi
945 973 1174 1027 permagni3
1216 971 1338 1012 ocelli
1376 976 1456 1013 tres
1495 972 1655 1014 minuti.
1715 971 1811 1014 Oris
1841 977 2027 1028 apertura
2057 989 2142 1030 per-

525 1039 661 1096 longa,
689 1053 820 1094 usque
850 1039 898 1080 ad
929 1043 1200 1080 antennarum
1231 1038 1357 1079 basim
1388 1039 1616 1093 pertinens;
1649 1052 1777 1094 genae
1807 1039 1991 1082 lineares.
2048 1040 2140 1084 Pro-

523 1107 655 1149 boscis
684 1107 725 1148 in
755 1106 837 1147 oris
865 1110 1098 1162 aperturam
1128 1105 1299 1156 inclusa,
1335 1106 1556 1160 marginem
1586 1106 1766 1147 anticum
1796 1106 1919 1162 paulo
1938 1121 2139 1163 superans.

524 1174 693 1215 Alarum
728 1186 858 1215 venae
893 1172 1080 1214 similiter
1118 1177 1244 1227 atque
1280 1173 1322 1213 in
1354 1173 1629 1227 Sparnopolio
1659 1172 1827 1224 ductae,
1865 1176 1980 1230 apice
2008 1180 2142 1217 tamen

526 1254 654 1282 venae
690 1239 995 1296 longitudinalis
1033 1240 1239 1282 secundae
1274 1239 1403 1295 magis
1441 1253 1634 1291 recurvo,
1677 1239 1825 1282 cellula
1859 1240 2143 1297 submarginali

525 1309 703 1352 secunda
745 1307 1069 1363 cellularumque
1112 1307 1387 1363 posteriorum
1429 1307 1608 1349 secunda
1646 1312 1688 1349 et
1728 1309 1846 1350 tertia
1882 1308 2143 1364 longioribus,

522 1376 671 1418 venula
698 1376 875 1429 denique
902 1374 1165 1417 transversali
1196 1373 1328 1416 media
1358 1387 1379 1415 a
1410 1373 1581 1416 cellulae
1611 1373 1843 1417 discoidalis
1873 1374 1959 1418 basi
1986 1376 2143 1432 longius

523 1443 690 1486 remota.
746 1441 912 1484 Pulvilli
941 1442 1145 1493 distincti,
1178 1455 1329 1497 ungues
1358 1441 1576 1498 simplices.

524 1637 699 1675 maculis
734 1635 970 1690 villulisque
1005 1635 1208 1685 thoracis,
1243 1634 1403 1673 scutella·
1441 1637 1630 1689 ”iargivie
1665 1634 1969 1690 abdomini-sque
1988 1635 2145 1689 fasciis

528 1706 721 1757 ang-ustis
748 1715 823 1742 sex
848 1701 978 1751 slavis.
997 1726 1044 1734 —
1077 1700 1204 1755 Long.
1236 1713 1347 1755 corp.
1369 1699 1649 1755 54—6÷1in.‚
1679 1700 1788 1755 long.
1809 1702 1858 1743 al.
1880 1703 2058 1757 ‹ag-5}
2074 1700 2142 1743 lin.

633 1781 882 1835 Spilomyiue
915 1781 1093 1821 saltuum
1125 1779 1216 1821 Fbr.
1250 1778 1470 1828 simillima,
1532 1777 1677 1834 Nigra,
1715 1780 1967 1822 flavo-varia.
2024 1781 2142 1823 Oculi

525 1848 645 1889 maris
682 1847 887 1903 contigui;
926 1847 1118 1902 trianguli
1158 1846 1363 1888 verticalis
1401 1845 1614 1886 dimidium
1651 1847 1838 1902 superius
1869 1848 2049 1904 nigrum,
2087 1850 2142 1889 in-

526 1915 650 1957 ferius
678 1915 849 1965 ssavum,
876 1916 986 1956 frons
1023 1915 1141 1965 flava,
1172 1912 1329 1954 macula
1364 1912 1600 1968 triangulari
1634 1913 1747 1968 nigra
1782 1928 1903 1970 supra
1937 1920 2142 1957 antennas.

528 1981 657 2023 Frons
694 1981 896 2023 foeminae
933 1982 1057 2032 flava,
1095 1980 1199 2022 vitta
1235 1980 1427 2021 adversus
1458 1980 1654 2021 verticem
1684 1982 1894 2023 attenuata
1926 1986 1967 2023 et
1996 1983 2145 2023 vertice

525 2049 613 2105 ipso
642 2049 778 2103 nigris.
840 2048 1054 2090 Antennae
1084 2047 1369 2103 nigro-fuscae,
1398 2060 1522 2101 saepe
1553 2060 1603 2087 ex
1635 2051 1765 2102 parte,
1793 2061 1885 2089 raro
1907 2053 2017 2090 totae
2038 2049 2143 2090 rufo·

525 2117 678 2172 piceae,
706 2114 890 2157 articulis
921 2113 1078 2156 duobus
1106 2115 1248 2171 primis
1269 2127 1391 2169 quam
1413 2115 1658 2168 Spilomyiae
1681 2116 1860 2155 saltuum
1879 2115 2144 2170 longioribus,

525 2183 609 2223 seta
647 2182 769 2223 lutea.
828 2181 969 2224 Facies
1010 2183 1222 2236 utriusque
1256 2196 1379 2223 sexus
1414 2181 1541 2230 flava,
1577 2181 1678 2222 vitta
1716 2182 1849 2223 media
1884 2187 1925 2224 et
1956 2184 2144 2237 utrinque

524 2249 692 2304 strigula
729 2249 782 2291 ab
822 2249 952 2291 oculis
989 2248 1157 2303 oblique
1193 2248 1242 2289 ad
1281 2248 1566 2303 peristomium
1606 2248 1727 2289 ducta
1757 2249 1894 2304 nigris.
1953 2248 2144 2291 Thoracis

524 2315 689 2357 dorsum
727 2317 769 2357 in
808 2317 989 2370 margine
1025 2316 1163 2357 antico
1204 2315 1379 2356 maculas
1418 2320 1615 2370 quatuor,
1652 2315 1693 2356 in
1725 2316 1894 2356 dimidio
1924 2317 2144 2371 posteriore

524 2383 689 2424 vittulas
724 2383 825 2424 duas
861 2382 1066 2433 hamatas,
1101 2382 1200 2424 inde
1237 2381 1286 2423 ab
1324 2383 1483 2437 angulis
1520 2383 1687 2438 posticis
1726 2397 1854 2438 usque
1883 2383 1934 2424 ad
1963 2384 2143 2424 suini-am

523 2452 770 2506 pertinentes
808 2453 851 2491 et
885 2464 1014 2505 prope
1049 2450 1272 2505 marginem
1310 2450 1514 2504 posticum
1554 2449 1698 2491 lituras
1735 2449 1800 2491 vel
1828 2449 2017 2505 strigulas
2046 2450 2144 2491 duas

523 2516 730 2572 obliquas,
758 2517 963 2559 inversam
994 2515 1137 2558 literae
1168 2515 1205 2556 V
1236 2516 1411 2557 formam
1441 2516 1681 2568 efficientes,
1713 2516 1850 2558 colore
1881 2518 1989 2558 flavo
2017 2518 2144 2572 pictas

520 2584 636 2639 gerit.
703 2583 747 2625 ln
785 2583 938 2639 pleuris
979 2588 1142 2639 praeter
1181 2583 1396 2624 humerum
1434 2588 1475 2625 et
1515 2584 1664 2625 callum
1701 2583 1927 2626 subalarem
1966 2584 2143 2626 maculae

520 2651 670 2705 quinae
710 2651 840 2692 flavae
876 2652 1205 2707 conspiciuntur,
1244 2664 1365 2705 quam
1404 2650 1445 2691 in
1475 2652 1704 2707 Spilomyid
1740 2652 1917 2692 saltuum
1958 2651 2144 2706 majores,

519 2718 573 2758 ita
605 2722 649 2758 ut
679 2721 760 2759 tres
790 2718 898 2759 inter
926 2718 1101 2760 balteres
1131 2722 1174 2758 et
1204 2730 1328 2759 coxas
1358 2718 1622 2760 intermedias
1650 2721 1751 2761 sitae
1782 2720 1822 2760 in
1852 2719 2013 2760 fasciam
2045 2717 2145 2759 obli-

519 2797 639 2839 quam
680 2784 921 2828 coalescant.
982 2785 1119 2841 Margo
1159 2785 1321 2827 scutelli
1362 2786 1503 2827 ssavus.
1564 2786 1807 2828 Abdominis
1843 2789 2052 2842 segmenta
2086 2797 2144 2825 se-

520 2852 721 2903 cundum,
760 2853 926 2894 tertium
965 2858 1008 2894 et
1042 2858 1230 2907 quartum
1263 2853 1395 2895 fasciis
1425 2853 1531 2894 binis
1560 2854 1742 2909 angustis
1772 2853 1905 2904 flavis,
1944 2866 2014 2907 per
2043 2865 2143 2892 mar-

519 2918 654 2974 ginem
686 2920 895 2961 lateralem
915 2920 1067 2961 ssavum
1088 2921 1197 2963 inter
1215 2935 1258 2963 se
1279 2920 1510 2975 conjunctis
1531 2926 1745 2973 ornantur,
1776 2933 1946 2976 quarum
1968 2919 2146 2960 anterior

519 2985 559 3027 in
599 2992 814 3041 segmento
851 2987 1033 3029 secundo
1070 2988 1198 3030 latera
1236 3002 1374 3029 versus
1405 2988 1567 3029 modice
1597 2988 1811 3036 dilatatur,
1848 2986 2072 3027 anteriores
2103 2986 2144 3026 in

517 3055 735 3109 segmentis
763 3054 889 3096 tertio
918 3059 959 3096 et
990 3060 1138 3110 quarto
1169 3056 1306 3097 colore
1339 3057 1453 3112 nigro
1474 3055 2143 3111 angustissimeinterrumpuntur.

2360 653 2410 680 an

2364 719 2411 747 V&

2231 956 2233 958 θ
2360 977 2407 1003 oe

2236 1082 2239 1084 ‚
2254 1071 2259 1088 ÷
2277 1027 2279 1030 ¹
2358 1032 2414 1071 aii

2358 1112 2407 1137 α’·

2263 1253 2275 1301 ζ
2358 1239 2422 1283 Oc

2252 1372 2278 1424 ,Ῐ
2356 1375 2421 1417 alb

2252 1434 2277 1493 ⁵5?
2357 1446 2420 1484 ter

642 1565 708 1609 ⁴9.
739 1567 1024 1622 Spilomyia
1061 1568 1412 1622 longicorm‘s,
1457 1579 1553 1606 nov.
1594 1579 1652 1620 sp.
1692 1567 1734 1618 ἆ
1761 1570 1802 1607 et
1828 1569 1874 1620 ῼ.
1902 1588 1956 1597 -
1993 1566 2143 1623 Nigra,

2227 1653 2229 1655 ’
2247 1645 2277 1689 ’ζ’
2353 1642 2427 1684 feri

2354 1709 2425 1750 ²0¹¹

2227 1880 2230 1883 ,
2353 1842 2432 1884 Ab<

2237 1901 2276 1969 ἦ*
2355 1908 2432 1951 Ped

2353 1976 2432 2017 tibia

2353 2043 2429 2084 flav

2242 2107 2273 2147 1'
2352 2111 2428 2151 adv

2241 2169 2276 2235 ’,ὲ
2353 2191 2432 2220 cras.⁵

2229 2259 2233 2261 ’
2253 2247 2275 2300 9
2351 2260 2432 2288 mar

2351 2325 2432 2354 cant

2352 2379 2432 2421 dist

2225 2454 2228 2458 ¹
2350 2447 2432 2488 Stict

2236 2503 2271 2586 Ξ
2350 2513 2432 2556 cell*

2355 1580 2421 1617 utr

2349 2702 2432 2745 albe

2247 2763 2272 2821 ἐς
2350 2784 2432 2827 cor!

2270 2907 2274 2940 ζ
2348 2920 2430 2960 min

2266 3027 2273 3040 .-
2348 2987 2429 3026 ticu

2347 3058 2388 3094 et
2415 3067 2432 3094 ε
