<?xml version="1.0" encoding="UTF-8"?>
<!DOCTYPE html PUBLIC "-//W3C//DTD XHTML 1.0 Transitional//EN"
    "http://www.w3.org/TR/xhtml1/DTD/xhtml1-transitional.dtd">
<html xmlns="http://www.w3.org/1999/xhtml" xml:lang="en" lang="en">
 <head>
  <title>
</title>
<meta http-equiv="Content-Type" content="text/html;charset=utf-8" />
  <meta name='ocr-system' content='tesseract 3.04.00' />
  <meta name='ocr-capabilities' content='ocr_page ocr_carea ocr_par ocr_line ocrx_word'/>
</head>
<body>
  <div class='ocr_page' id='page_1' title='image "./cihm_28145_0224.png"; bbox 0 0 2536 3568; ppageno 0'>
   <div class='ocr_carea' id='block_1_1' title="bbox 639 303 1665 358">
    <p class='ocr_par' dir='ltr' id='par_1_1' title="bbox 639 303 1665 358">
     <span class='ocr_line' id='line_1_1' title="bbox 639 303 1665 358; baseline -0.002 -11"><span class='ocrx_word' id='word_1_1' title='bbox 639 304 720 348; x_wconf 77' lang='lat'><strong><em>176</em></strong></span> <span class='ocrx_word' id='word_1_2' title='bbox 1228 305 1278 347; x_wconf 79' lang='grc' dir='ltr'><strong><em>ΙΙ.</em></strong></span> <span class='ocrx_word' id='word_1_3' title='bbox 1310 304 1455 347; x_wconf 73' lang='lat' dir='ltr'><strong><em>Lam.-</em></strong></span> <span class='ocrx_word' id='word_1_4' title='bbox 1487 303 1665 358; x_wconf 69' lang='lat' dir='ltr'><strong><em>Diptera</em></strong></span> 
     </span>
    </p>
   </div>
   <div class='ocr_carea' id='block_1_2' title="bbox 636 415 2252 1877">
    <p class='ocr_par' dir='ltr' id='par_1_2' title="bbox 636 415 2249 741">
     <span class='ocr_line' id='line_1_2' title="bbox 748 415 2249 472; baseline -0.001 -12"><span class='ocrx_word' id='word_1_5' title='bbox 748 418 814 460; x_wconf 81' lang='grc'><strong><em>82.</em></strong></span> <span class='ocrx_word' id='word_1_6' title='bbox 845 418 1134 472; x_wconf 73' lang='lat' dir='ltr'><strong><em>Gallomyia</em></strong></span> <span class='ocrx_word' id='word_1_7' title='bbox 1161 423 1356 466; x_wconf 71' lang='lat' dir='ltr'><strong><em>tenera,</em></strong></span> <span class='ocrx_word' id='word_1_8' title='bbox 1387 429 1479 458; x_wconf 80' lang='lat' dir='ltr'><strong><em>nov,</em></strong></span> <span class='ocrx_word' id='word_1_9' title='bbox 1504 430 1563 472; x_wconf 84' lang='lat' dir='ltr'><strong><em>sp.</em></strong></span> <span class='ocrx_word' id='word_1_10' title='bbox 1588 415 1633 460; x_wconf 77' lang='grc' dir='ltr'><strong><em>Ω.</em></strong></span> <span class='ocrx_word' id='word_1_11' title='bbox 1665 439 1718 448; x_wconf 94' lang='grc'><strong>-</strong></span> <span class='ocrx_word' id='word_1_12' title='bbox 1749 418 1874 468; x_wconf 76' lang='lat' dir='ltr'><strong><em>Atra,</em></strong></span> <span class='ocrx_word' id='word_1_13' title='bbox 1902 415 2045 468; x_wconf 73' lang='lat' dir='ltr'><strong><em>frome</em></strong></span> <span class='ocrx_word' id='word_1_14' title='bbox 2072 422 2110 458; x_wconf 76' lang='lat' dir='ltr'><strong><em>el</em></strong></span> <span class='ocrx_word' id='word_1_15' title='bbox 2129 416 2249 468; x_wconf 78' lang='lat' dir='ltr'><strong><em>facie</em></strong></span> 
     </span>
     <span class='ocr_line' id='line_1_3' title="bbox 637 483 2249 540; baseline 0 -14"><span class='ocrx_word' id='word_1_16' title='bbox 637 486 848 540; x_wconf 58' lang='lat' dir='ltr'><strong><em>chalyben,</em></strong></span> <span class='ocrx_word' id='word_1_17' title='bbox 875 485 1035 533; x_wconf 70' lang='lat' dir='ltr'><strong><em>nitidis,</em></strong></span> <span class='ocrx_word' id='word_1_18' title='bbox 1064 485 1248 525; x_wconf 74' lang='lat' dir='ltr'><strong><em>thoracis</em></strong></span> <span class='ocrx_word' id='word_1_19' title='bbox 1276 485 1397 524; x_wconf 79' lang='lat' dir='ltr'><strong><em>dorso</em></strong></span> <span class='ocrx_word' id='word_1_20' title='bbox 1426 498 1476 524; x_wconf 72' lang='lat' dir='ltr'><strong><em>ea·</em></strong></span> <span class='ocrx_word' id='word_1_21' title='bbox 1504 484 1691 537; x_wconf 76' lang='lat' dir='ltr'><strong><em>chalyben</em></strong></span> <span class='ocrx_word' id='word_1_22' title='bbox 1716 485 2013 539; x_wconf 75' lang='lat' dir='ltr'><strong><em>glaucescenle,</em></strong></span> <span class='ocrx_word' id='word_1_23' title='bbox 2042 483 2249 526; x_wconf 78' lang='lat' dir='ltr'><strong><em>abdomine</em></strong></span> 
     </span>
     <span class='ocr_line' id='line_1_4' title="bbox 636 550 2249 608; baseline -0.001 -16"><span class='ocrx_word' id='word_1_24' title='bbox 636 555 784 608; x_wconf 70' lang='lat' dir='ltr'><strong><em>strigis</em></strong></span> <span class='ocrx_word' id='word_1_25' title='bbox 804 551 1040 593; x_wconf 71' lang='lat' dir='ltr'><strong><em>lateralibus</em></strong></span> <span class='ocrx_word' id='word_1_26' title='bbox 1069 556 1233 606; x_wconf 74' lang='lat' dir='ltr'><strong><em>magnis</em></strong></span> <span class='ocrx_word' id='word_1_27' title='bbox 1260 553 1425 607; x_wconf 68' lang='lat' dir='ltr'><strong><em>glaucis</em></strong></span> <span class='ocrx_word' id='word_1_28' title='bbox 1454 557 1615 599; x_wconf 73' lang='lat' dir='ltr'><strong><em>ornato,</em></strong></span> <span class='ocrx_word' id='word_1_29' title='bbox 1643 550 1811 603; x_wconf 77' lang='lat' dir='ltr'><strong><em>pedibus</em></strong></span> <span class='ocrx_word' id='word_1_30' title='bbox 1830 552 2013 604; x_wconf 77' lang='lat' dir='ltr'><strong><em>pallidis,</em></strong></span> <span class='ocrx_word' id='word_1_31' title='bbox 2032 551 2249 592; x_wconf 75' lang='lat' dir='ltr'><strong><em>halleribns</em></strong></span> 
     </span>
     <span class='ocr_line' id='line_1_5' title="bbox 638 618 2248 674; baseline -0.001 -14"><span class='ocrx_word' id='word_1_32' title='bbox 638 624 791 674; x_wconf 73' lang='lat' dir='ltr'><strong><em>nigris,</em></strong></span> <span class='ocrx_word' id='word_1_33' title='bbox 828 620 988 660; x_wconf 76' lang='lat' dir='ltr'><strong><em>alarum</em></strong></span> <span class='ocrx_word' id='word_1_34' title='bbox 1018 623 1129 659; x_wconf 77' lang='lat' dir='ltr'><strong><em>venis</em></strong></span> <span class='ocrx_word' id='word_1_35' title='bbox 1159 618 1528 674; x_wconf 75' lang='lat' dir='ltr'><strong><em>longitudinalibus</em></strong></span> <span class='ocrx_word' id='word_1_36' title='bbox 1556 622 1682 659; x_wconf 72' lang='lat' dir='ltr'><strong><em>lev-lia</em></strong></span> <span class='ocrx_word' id='word_1_37' title='bbox 1711 624 1748 658; x_wconf 79' lang='lat' dir='ltr'><strong><em>ee</em></strong></span> <span class='ocrx_word' id='word_1_38' title='bbox 1779 622 1931 672; x_wconf 76' lang='lat' dir='ltr'><strong><em>quarm</em></strong></span> <span class='ocrx_word' id='word_1_39' title='bbox 1956 618 2181 672; x_wconf 68' lang='lat' dir='ltr'><strong><em>parallelis.</em></strong></span> <span class='ocrx_word' id='word_1_40' title='bbox 2214 640 2248 646; x_wconf 92' lang='lat'>—</span> 
     </span>
     <span class='ocr_line' id='line_1_6' title="bbox 639 684 1493 741; baseline -0.001 -15"><span class='ocrx_word' id='word_1_41' title='bbox 639 684 765 740; x_wconf 87' lang='lat' dir='ltr'><strong><em>Long.</em></strong></span> <span class='ocrx_word' id='word_1_42' title='bbox 796 699 908 741; x_wconf 89' lang='lat' dir='ltr'><strong><em>corp.</em></strong></span> <span class='ocrx_word' id='word_1_43' title='bbox 944 687 993 740; x_wconf 59' lang='lat'><strong><em>¹}</em></strong></span> <span class='ocrx_word' id='word_1_44' title='bbox 1015 685 1098 728; x_wconf 89' lang='lat' dir='ltr'><strong><em>lin..</em></strong></span> <span class='ocrx_word' id='word_1_45' title='bbox 1127 685 1237 741; x_wconf 88' lang='lat' dir='ltr'><strong><em>long.</em></strong></span> <span class='ocrx_word' id='word_1_46' title='bbox 1269 686 1318 726; x_wconf 88' lang='lat' dir='ltr'><strong><em>al.</em></strong></span> <span class='ocrx_word' id='word_1_47' title='bbox 1354 688 1403 741; x_wconf 52' lang='lat'><strong><em>1}</em></strong></span> <span class='ocrx_word' id='word_1_48' title='bbox 1422 685 1493 726; x_wconf 89' lang='lat' dir='ltr'><strong><em>lin.</em></strong></span> 
     </span>
    </p>

    <p class='ocr_par' dir='ltr' id='par_1_3' title="bbox 637 751 2252 1677">
     <span class='ocr_line' id='line_1_7' title="bbox 751 751 2249 806; baseline 0.001 -14"><span class='ocrx_word' id='word_1_49' title='bbox 751 751 878 793; x_wconf 84' lang='lat' dir='ltr'><strong><em>Frons</em></strong></span> <span class='ocrx_word' id='word_1_50' title='bbox 908 752 1121 806; x_wconf 69' lang='lat' dir='ltr'><strong><em>chalyben.</em></strong></span> <span class='ocrx_word' id='word_1_51' title='bbox 1154 753 1309 802; x_wconf 75' lang='lat' dir='ltr'><strong><em>nitens,</em></strong></span> <span class='ocrx_word' id='word_1_52' title='bbox 1346 754 1498 794; x_wconf 87' lang='lat' dir='ltr'><strong><em>vertice</em></strong></span> <span class='ocrx_word' id='word_1_53' title='bbox 1527 756 1662 792; x_wconf 83' lang='lat' dir='ltr'><strong><em>tamen</em></strong></span> <span class='ocrx_word' id='word_1_54' title='bbox 1692 765 1852 792; x_wconf 86' lang='lat' dir='ltr'><strong><em>summo</em></strong></span> <span class='ocrx_word' id='word_1_55' title='bbox 1881 755 1922 791; x_wconf 86' lang='lat' dir='ltr'><strong><em>et</em></strong></span> <span class='ocrx_word' id='word_1_56' title='bbox 1952 751 2128 806; x_wconf 90' lang='lat' dir='ltr'><strong><em>occipite</em></strong></span> <span class='ocrx_word' id='word_1_57' title='bbox 2157 753 2249 793; x_wconf 83' lang='lat' dir='ltr'><strong><em>atris</em></strong></span> 
     </span>
     <span class='ocr_line' id='line_1_8' title="bbox 639 818 2249 873; baseline -0.001 -13"><span class='ocrx_word' id='word_1_58' title='bbox 639 825 680 860; x_wconf 82' lang='lat' dir='ltr'><strong><em>et</em></strong></span> <span class='ocrx_word' id='word_1_59' title='bbox 708 820 858 873; x_wconf 81' lang='lat' dir='ltr'><strong><em>opacis.</em></strong></span> <span class='ocrx_word' id='word_1_60' title='bbox 919 820 1212 861; x_wconf 83' lang='lat' dir='ltr'><strong><em>Antennarum·</em></strong></span> <span class='ocrx_word' id='word_1_61' title='bbox 1232 819 1390 860; x_wconf 75' lang='lat' dir='ltr'><strong><em>articuli</em></strong></span> <span class='ocrx_word' id='word_1_62' title='bbox 1423 819 1503 859; x_wconf 88' lang='lat' dir='ltr'><strong><em>duo</em></strong></span> <span class='ocrx_word' id='word_1_63' title='bbox 1533 819 1653 873; x_wconf 74' lang='lat' dir='ltr'><strong><em>primi</em></strong></span> <span class='ocrx_word' id='word_1_64' title='bbox 1684 818 1801 867; x_wconf 77' lang='lat' dir='ltr'><strong><em>fusci,</em></strong></span> <span class='ocrx_word' id='word_1_65' title='bbox 1831 818 1977 859; x_wconf 82' lang='lat' dir='ltr'><strong><em>tertius</em></strong></span> <span class='ocrx_word' id='word_1_66' title='bbox 2007 819 2134 873; x_wconf 83' lang='lat' dir='ltr'><strong><em>niger,</em></strong></span> <span class='ocrx_word' id='word_1_67' title='bbox 2164 832 2249 859; x_wconf 83' lang='lat' dir='ltr'><strong><em>acu-</em></strong></span> 
     </span>
     <span class='ocr_line' id='line_1_9' title="bbox 637 884 2248 941; baseline 0.001 -15"><span class='ocrx_word' id='word_1_68' title='bbox 637 891 726 936; x_wconf 79' lang='lat' dir='ltr'><strong><em>tus,</em></strong></span> <span class='ocrx_word' id='word_1_69' title='bbox 760 899 882 940; x_wconf 85' lang='lat' dir='ltr'><strong><em>quam</em></strong></span> <span class='ocrx_word' id='word_1_70' title='bbox 912 891 998 928; x_wconf 80' lang='lat' dir='ltr'><strong><em>seta</em></strong></span> <span class='ocrx_word' id='word_1_71' title='bbox 1030 887 1254 928; x_wconf 86' lang='lat' dir='ltr'><strong><em>terminalis</em></strong></span> <span class='ocrx_word' id='word_1_72' title='bbox 1285 886 1406 941; x_wconf 82' lang='lat' dir='ltr'><strong><em>paulo</em></strong></span> <span class='ocrx_word' id='word_1_73' title='bbox 1437 886 1612 927; x_wconf 85' lang='lat' dir='ltr'><strong><em>brevior.</em></strong></span> <span class='ocrx_word' id='word_1_74' title='bbox 1684 884 1821 926; x_wconf 82' lang='lat' dir='ltr'><strong><em>Facies</em></strong></span> <span class='ocrx_word' id='word_1_75' title='bbox 1850 885 2004 935; x_wconf 82' lang='lat' dir='ltr'><strong><em>brevis,</em></strong></span> <span class='ocrx_word' id='word_1_76' title='bbox 2042 885 2248 940; x_wconf 84' lang='lat' dir='ltr'><strong><em>chalybea.</em></strong></span> 
     </span>
     <span class='ocr_line' id='line_1_10' title="bbox 638 952 2250 1008; baseline 0 -14"><span class='ocrx_word' id='word_1_77' title='bbox 638 952 833 995; x_wconf 77' lang='lat' dir='ltr'><strong><em>Thoracis</em></strong></span> <span class='ocrx_word' id='word_1_78' title='bbox 865 954 1031 994; x_wconf 86' lang='lat' dir='ltr'><strong><em>dorsum</em></strong></span> <span class='ocrx_word' id='word_1_79' title='bbox 1067 959 1105 995; x_wconf 88' lang='lat' dir='ltr'><strong><em>et</em></strong></span> <span class='ocrx_word' id='word_1_80' title='bbox 1143 954 1361 995; x_wconf 85' lang='lat' dir='ltr'><strong><em>scutellum</em></strong></span> <span class='ocrx_word' id='word_1_81' title='bbox 1399 954 1441 993; x_wconf 89' lang='lat' dir='ltr'><strong><em>in</em></strong></span> <span class='ocrx_word' id='word_1_82' title='bbox 1474 953 1698 1008; x_wconf 81' lang='lat' dir='ltr'><strong><em>specimine</em></strong></span> <span class='ocrx_word' id='word_1_83' title='bbox 1728 953 1935 1007; x_wconf 85' lang='lat' dir='ltr'><strong><em>descripto</em></strong></span> <span class='ocrx_word' id='word_1_84' title='bbox 1966 967 1988 993; x_wconf 90' lang='lat' dir='ltr'><strong><em>e</em></strong></span> <span class='ocrx_word' id='word_1_85' title='bbox 2018 953 2133 1007; x_wconf 87' lang='lat' dir='ltr'><strong><em>nigro</em></strong></span> <span class='ocrx_word' id='word_1_86' title='bbox 2163 953 2250 994; x_wconf 77' lang='lat' dir='ltr'><strong><em>clia-</em></strong></span> 
     </span>
     <span class='ocr_line' id='line_1_11' title="bbox 637 1019 2250 1077; baseline -0.001 -16"><span class='ocrx_word' id='word_1_87' title='bbox 637 1021 771 1075; x_wconf 83' lang='lat' dir='ltr'><strong><em>lybea‚</em></strong></span> <span class='ocrx_word' id='word_1_88' title='bbox 800 1021 1022 1072; x_wconf 79' lang='lat' dir='ltr'><strong><em>subnitida‚</em></strong></span> <span class='ocrx_word' id='word_1_89' title='bbox 1048 1022 1364 1077; x_wconf 84' lang='lat' dir='ltr'><strong><em>glaucescentia‚</em></strong></span> <span class='ocrx_word' id='word_1_90' title='bbox 1394 1020 1503 1060; x_wconf 87' lang='lat' dir='ltr'><strong><em>illius</em></strong></span> <span class='ocrx_word' id='word_1_91' title='bbox 1532 1020 1661 1061; x_wconf 88' lang='lat' dir='ltr'><strong><em>limbo</em></strong></span> <span class='ocrx_word' id='word_1_92' title='bbox 1692 1019 1848 1062; x_wconf 82' lang='lat' dir='ltr'><strong><em>laterali</em></strong></span> <span class='ocrx_word' id='word_1_93' title='bbox 1878 1020 1974 1061; x_wconf 89' lang='lat' dir='ltr'><strong><em>inde</em></strong></span> <span class='ocrx_word' id='word_1_94' title='bbox 2005 1021 2053 1061; x_wconf 91' lang='lat' dir='ltr'><strong><em>ab</em></strong></span> <span class='ocrx_word' id='word_1_95' title='bbox 2084 1019 2250 1060; x_wconf 83' lang='lat' dir='ltr'><strong><em>humero</em></strong></span> 
     </span>
     <span class='ocr_line' id='line_1_12' title="bbox 638 1086 2249 1141; baseline 0 -14"><span class='ocrx_word' id='word_1_96' title='bbox 638 1101 765 1141; x_wconf 90' lang='lat' dir='ltr'><strong><em>usque</em></strong></span> <span class='ocrx_word' id='word_1_97' title='bbox 794 1088 844 1128; x_wconf 89' lang='lat' dir='ltr'><strong><em>ad</em></strong></span> <span class='ocrx_word' id='word_1_98' title='bbox 877 1087 963 1128; x_wconf 85' lang='lat' dir='ltr'><strong><em>alae</em></strong></span> <span class='ocrx_word' id='word_1_99' title='bbox 998 1088 1124 1129; x_wconf 82' lang='lat' dir='ltr'><strong><em>basim</em></strong></span> <span class='ocrx_word' id='word_1_100' title='bbox 1162 1095 1251 1128; x_wconf 86' lang='lat' dir='ltr'><strong><em>atro</em></strong></span> <span class='ocrx_word' id='word_1_101' title='bbox 1289 1092 1329 1128; x_wconf 92' lang='lat' dir='ltr'><strong><em>et</em></strong></span> <span class='ocrx_word' id='word_1_102' title='bbox 1364 1100 1508 1141; x_wconf 87' lang='lat' dir='ltr'><strong><em>opaco.</em></strong></span> <span class='ocrx_word' id='word_1_103' title='bbox 1568 1086 1788 1128; x_wconf 88' lang='lat' dir='ltr'><strong><em>Abdomen</em></strong></span> <span class='ocrx_word' id='word_1_104' title='bbox 1829 1092 1977 1137; x_wconf 70' lang='lat' dir='ltr'><strong><em>ati-nm,</em></strong></span> <span class='ocrx_word' id='word_1_105' title='bbox 2014 1087 2249 1137; x_wconf 80' lang='lat' dir='ltr'><strong><em>velutinum‚</em></strong></span> 
     </span>
     <span class='ocr_line' id='line_1_13' title="bbox 638 1153 2250 1209; baseline -0.001 -14"><span class='ocrx_word' id='word_1_106' title='bbox 638 1154 856 1208; x_wconf 72' lang='lat' dir='ltr'><strong><em>segmentis</em></strong></span> <span class='ocrx_word' id='word_1_107' title='bbox 887 1155 1067 1208; x_wconf 83' lang='lat' dir='ltr'><strong><em>quinque</em></strong></span> <span class='ocrx_word' id='word_1_108' title='bbox 1097 1155 1238 1209; x_wconf 89' lang='lat' dir='ltr'><strong><em>primis</em></strong></span> <span class='ocrx_word' id='word_1_109' title='bbox 1268 1153 1437 1208; x_wconf 87' lang='lat' dir='ltr'><strong><em>singulis</em></strong></span> <span class='ocrx_word' id='word_1_110' title='bbox 1469 1154 1659 1208; x_wconf 86' lang='lat' dir='ltr'><strong><em>utrinqne</em></strong></span> <span class='ocrx_word' id='word_1_111' title='bbox 1688 1154 1813 1208; x_wconf 73' lang='lat' dir='ltr'><strong><em>striga</em></strong></span> <span class='ocrx_word' id='word_1_112' title='bbox 1843 1155 1929 1195; x_wconf 85' lang='lat' dir='ltr'><strong><em>sive</em></strong></span> <span class='ocrx_word' id='word_1_113' title='bbox 1950 1154 2106 1195; x_wconf 72' lang='lat' dir='ltr'><strong><em>macula</em></strong></span> <span class='ocrx_word' id='word_1_114' title='bbox 2126 1159 2250 1195; x_wconf 82' lang='lat' dir='ltr'><strong><em>trans-</em></strong></span> 
     </span>
     <span class='ocr_line' id='line_1_14' title="bbox 641 1220 2249 1276; baseline 0 -15"><span class='ocrx_word' id='word_1_115' title='bbox 641 1220 752 1262; x_wconf 68' lang='lat' dir='ltr'><strong><em>versa</em></strong></span> <span class='ocrx_word' id='word_1_116' title='bbox 771 1220 1100 1275; x_wconf 70' lang='lat' dir='ltr'><strong><em>albo-pollinosa,</em></strong></span> <span class='ocrx_word' id='word_1_117' title='bbox 1117 1221 1221 1263; x_wconf 85' lang='lat' dir='ltr'><strong><em>laete</em></strong></span> <span class='ocrx_word' id='word_1_118' title='bbox 1236 1221 1521 1275; x_wconf 83' lang='lat' dir='ltr'><strong><em>glaucescente</em></strong></span> <span class='ocrx_word' id='word_1_119' title='bbox 1536 1220 1705 1272; x_wconf 77' lang='lat' dir='ltr'><strong><em>ornatis,</em></strong></span> <span class='ocrx_word' id='word_1_120' title='bbox 1728 1221 1897 1262; x_wconf 84' lang='lat' dir='ltr'><strong><em>maculis</em></strong></span> <span class='ocrx_word' id='word_1_121' title='bbox 1916 1222 2114 1276; x_wconf 83' lang='lat' dir='ltr'><strong><em>segmenti</em></strong></span> <span class='ocrx_word' id='word_1_122' title='bbox 2138 1222 2249 1275; x_wconf 84' lang='lat' dir='ltr'><strong><em>primi</em></strong></span> 
     </span>
     <span class='ocr_line' id='line_1_15' title="bbox 641 1287 2251 1344; baseline 0.001 -16"><span class='ocrx_word' id='word_1_123' title='bbox 641 1287 724 1328; x_wconf 89' lang='lat' dir='ltr'><strong><em>lato</em></strong></span> <span class='ocrx_word' id='word_1_124' title='bbox 754 1288 971 1329; x_wconf 83' lang='lat' dir='ltr'><strong><em>intervallo</em></strong></span> <span class='ocrx_word' id='word_1_125' title='bbox 1002 1289 1108 1330; x_wconf 84' lang='lat' dir='ltr'><strong><em>inter</em></strong></span> <span class='ocrx_word' id='word_1_126' title='bbox 1136 1304 1179 1330; x_wconf 91' lang='lat' dir='ltr'><strong><em>se</em></strong></span> <span class='ocrx_word' id='word_1_127' title='bbox 1209 1288 1475 1337; x_wconf 79' lang='lat' dir='ltr'><strong><em>distantibus,</em></strong></span> <span class='ocrx_word' id='word_1_128' title='bbox 1508 1293 1810 1344; x_wconf 88' lang='lat' dir='ltr'><strong><em>segmentorum</em></strong></span> <span class='ocrx_word' id='word_1_129' title='bbox 1841 1288 2091 1344; x_wconf 86' lang='lat' dir='ltr'><strong><em>reliquorum</em></strong></span> <span class='ocrx_word' id='word_1_130' title='bbox 2122 1302 2251 1329; x_wconf 87' lang='lat' dir='ltr'><strong><em>macu-</em></strong></span> 
     </span>
     <span class='ocr_line' id='line_1_16' title="bbox 640 1354 2250 1412; baseline 0.001 -18"><span class='ocrx_word' id='word_1_131' title='bbox 640 1354 691 1395; x_wconf 89' lang='lat' dir='ltr'><strong><em>lis</em></strong></span> <span class='ocrx_word' id='word_1_132' title='bbox 719 1355 759 1394; x_wconf 92' lang='lat' dir='ltr'><strong><em>in</em></strong></span> <span class='ocrx_word' id='word_1_133' title='bbox 790 1356 924 1396; x_wconf 89' lang='lat' dir='ltr'><strong><em>medio</em></strong></span> <span class='ocrx_word' id='word_1_134' title='bbox 953 1355 1172 1397; x_wconf 82' lang='lat' dir='ltr'><strong><em>abdomine</em></strong></span> <span class='ocrx_word' id='word_1_135' title='bbox 1201 1356 1286 1397; x_wconf 79' lang='lat' dir='ltr'><strong><em>sere</em></strong></span> <span class='ocrx_word' id='word_1_136' title='bbox 1315 1356 1527 1412; x_wconf 81' lang='lat' dir='ltr'><strong><em>contiguis.</em></strong></span> <span class='ocrx_word' id='word_1_137' title='bbox 1585 1354 1715 1397; x_wconf 85' lang='lat' dir='ltr'><strong><em>Pedes</em></strong></span> <span class='ocrx_word' id='word_1_138' title='bbox 1745 1370 1837 1397; x_wconf 90' lang='lat' dir='ltr'><strong><em>cum</em></strong></span> <span class='ocrx_word' id='word_1_139' title='bbox 1869 1357 1982 1398; x_wconf 82' lang='lat' dir='ltr'><strong><em>coxis</em></strong></span> <span class='ocrx_word' id='word_1_140' title='bbox 2011 1356 2171 1411; x_wconf 85' lang='lat' dir='ltr'><strong><em>pallidi,</em></strong></span> <span class='ocrx_word' id='word_1_141' title='bbox 2198 1356 2250 1396; x_wconf 77' lang='lat' dir='ltr'><strong><em>se-</em></strong></span> 
     </span>
     <span class='ocr_line' id='line_1_17' title="bbox 641 1422 2252 1479; baseline 0.001 -17"><span class='ocrx_word' id='word_1_142' title='bbox 641 1435 798 1463; x_wconf 88' lang='lat' dir='ltr'><strong><em>morum</em></strong></span> <span class='ocrx_word' id='word_1_143' title='bbox 829 1423 1000 1464; x_wconf 89' lang='lat' dir='ltr'><strong><em>dimidio</em></strong></span> <span class='ocrx_word' id='word_1_144' title='bbox 1038 1424 1207 1478; x_wconf 77' lang='lat' dir='ltr'><strong><em>apicati,</em></strong></span> <span class='ocrx_word' id='word_1_145' title='bbox 1244 1422 1354 1465; x_wconf 85' lang='lat' dir='ltr'><strong><em>tibiis</em></strong></span> <span class='ocrx_word' id='word_1_146' title='bbox 1385 1423 1574 1478; x_wconf 80' lang='lat' dir='ltr'><strong><em>posticis,</em></strong></span> <span class='ocrx_word' id='word_1_147' title='bbox 1612 1428 1814 1464; x_wconf 81' lang='lat' dir='ltr'><strong><em>tarsorum</em></strong></span> <span class='ocrx_word' id='word_1_148' title='bbox 1852 1424 2103 1465; x_wconf 79' lang='lat' dir='ltr'><strong><em>anteriorum</em></strong></span> <span class='ocrx_word' id='word_1_149' title='bbox 2142 1424 2252 1479; x_wconf 82' lang='lat' dir='ltr'><strong><em>apice</em></strong></span> 
     </span>
     <span class='ocr_line' id='line_1_18' title="bbox 640 1489 2252 1546; baseline 0 -16"><span class='ocrx_word' id='word_1_150' title='bbox 640 1489 840 1544; x_wconf 76' lang='lat' dir='ltr'><strong><em>tersisque</em></strong></span> <span class='ocrx_word' id='word_1_151' title='bbox 870 1491 1038 1545; x_wconf 83' lang='lat' dir='ltr'><strong><em>posticis</em></strong></span> <span class='ocrx_word' id='word_1_152' title='bbox 1070 1495 1230 1546; x_wconf 85' lang='lat' dir='ltr'><strong><em>praeter</em></strong></span> <span class='ocrx_word' id='word_1_153' title='bbox 1260 1490 1386 1531; x_wconf 87' lang='lat' dir='ltr'><strong><em>basim</em></strong></span> <span class='ocrx_word' id='word_1_154' title='bbox 1416 1489 1628 1531; x_wconf 76' lang='lat' dir='ltr'><strong><em>subfuscis.</em></strong></span> <span class='ocrx_word' id='word_1_155' title='bbox 1686 1489 1874 1533; x_wconf 78' lang='lat' dir='ltr'><strong><em>Halteres</em></strong></span> <span class='ocrx_word' id='word_1_156' title='bbox 1903 1491 1996 1532; x_wconf 81' lang='lat' dir='ltr'><strong><em>atri.</em></strong></span> <span class='ocrx_word' id='word_1_157' title='bbox 2054 1489 2158 1532; x_wconf 71' lang='lat' dir='ltr'><strong><em>Alae</em></strong></span> <span class='ocrx_word' id='word_1_158' title='bbox 2187 1504 2252 1545; x_wconf 87' lang='lat' dir='ltr'><strong><em>pu-</em></strong></span> 
     </span>
     <span class='ocr_line' id='line_1_19' title="bbox 641 1556 2250 1613; baseline 0.001 -16"><span class='ocrx_word' id='word_1_159' title='bbox 641 1556 798 1597; x_wconf 87' lang='lat' dir='ltr'><strong><em>rissime</em></strong></span> <span class='ocrx_word' id='word_1_160' title='bbox 827 1556 1041 1611; x_wconf 82' lang='lat' dir='ltr'><strong><em>hyalinae,</em></strong></span> <span class='ocrx_word' id='word_1_161' title='bbox 1079 1559 1193 1599; x_wconf 85' lang='lat' dir='ltr'><strong><em>venis</em></strong></span> <span class='ocrx_word' id='word_1_162' title='bbox 1227 1556 1590 1612; x_wconf 81' lang='lat' dir='ltr'><strong><em>longitudinalibus</em></strong></span> <span class='ocrx_word' id='word_1_163' title='bbox 1627 1557 1746 1597; x_wconf 71' lang='lat' dir='ltr'><strong><em>tertia</em></strong></span> <span class='ocrx_word' id='word_1_164' title='bbox 1786 1562 1826 1599; x_wconf 92' lang='lat' dir='ltr'><strong><em>et</em></strong></span> <span class='ocrx_word' id='word_1_165' title='bbox 1857 1558 2004 1613; x_wconf 68' lang='lat' dir='ltr'><strong><em>quarta</em></strong></span> <span class='ocrx_word' id='word_1_166' title='bbox 2039 1556 2250 1613; x_wconf 80' lang='lat' dir='ltr'><strong><em>parallelis.</em></strong></span> 
     </span>
     <span class='ocr_line' id='line_1_20' title="bbox 642 1622 1387 1677; baseline 0.003 -14"><span class='ocrx_word' id='word_1_167' title='bbox 642 1645 694 1653; x_wconf 91' lang='lat'><em>—</em></span> <span class='ocrx_word' id='word_1_168' title='bbox 724 1622 847 1676; x_wconf 86' lang='lat' dir='ltr'><strong><em>(New</em></strong></span> <span class='ocrx_word' id='word_1_169' title='bbox 870 1622 1008 1673; x_wconf 81' lang='lat' dir='ltr'><strong><em>York;</em></strong></span> <span class='ocrx_word' id='word_1_170' title='bbox 1038 1623 1387 1677; x_wconf 75' lang='lat' dir='ltr'><strong><em>Oeten-Sacken.)</em></strong></span> 
     </span>
    </p>

    <p class='ocr_par' dir='ltr' id='par_1_4' title="bbox 753 1688 2251 1746">
     <span class='ocr_line' id='line_1_21' title="bbox 753 1688 2251 1746; baseline 0.001 -16"><span class='ocrx_word' id='word_1_171' title='bbox 753 1688 894 1731; x_wconf 83' lang='lat' dir='ltr'><strong><em>Nota.</em></strong></span> <span class='ocrx_word' id='word_1_172' title='bbox 953 1691 1180 1744; x_wconf 74' lang='lat' dir='ltr'><strong><em>Gallomyia</em></strong></span> <span class='ocrx_word' id='word_1_173' title='bbox 1208 1697 1349 1731; x_wconf 74' lang='lat' dir='ltr'><strong><em>tenera</em></strong></span> <span class='ocrx_word' id='word_1_174' title='bbox 1376 1691 1418 1731; x_wconf 90' lang='lat' dir='ltr'><strong><em>in</em></strong></span> <span class='ocrx_word' id='word_1_175' title='bbox 1450 1690 1587 1732; x_wconf 89' lang='lat' dir='ltr'><strong><em>multis</em></strong></span> <span class='ocrx_word' id='word_1_176' title='bbox 1617 1704 1710 1732; x_wconf 88' lang='lat' dir='ltr'><strong><em>cum</em></strong></span> <span class='ocrx_word' id='word_1_177' title='bbox 1731 1691 1962 1746; x_wconf 69' lang='lat' dir='ltr'><strong><em>Callomyid</em></strong></span> <span class='ocrx_word' id='word_1_178' title='bbox 1989 1695 2138 1732; x_wconf 75' lang='lat' dir='ltr'><strong><em>nolam</em></strong></span> <span class='ocrx_word' id='word_1_179' title='bbox 2164 1704 2251 1732; x_wconf 88' lang='lat' dir='ltr'><strong><em>con-</em></strong></span> 
     </span>
    </p>

    <p class='ocr_par' dir='ltr' id='par_1_5' title="bbox 696 1756 2252 1877">
     <span class='ocr_line' id='line_1_22' title="bbox 697 1756 2252 1814; baseline 0.003 -19"><span class='ocrx_word' id='word_1_180' title='bbox 697 1757 818 1812; x_wconf 74' lang='lat' dir='ltr'><strong><em>gruit,</em></strong></span> <span class='ocrx_word' id='word_1_181' title='bbox 844 1757 901 1797; x_wconf 85' lang='lat' dir='ltr'><strong><em>ita</em></strong></span> <span class='ocrx_word' id='word_1_182' title='bbox 933 1762 976 1799; x_wconf 75' lang='lat' dir='ltr'><strong><em>nt</em></strong></span> <span class='ocrx_word' id='word_1_183' title='bbox 1005 1758 1132 1810; x_wconf 88' lang='lat' dir='ltr'><strong><em>illam,</em></strong></span> <span class='ocrx_word' id='word_1_184' title='bbox 1160 1758 1194 1800; x_wconf 90' lang='lat' dir='ltr'><strong><em>si</em></strong></span> <span class='ocrx_word' id='word_1_185' title='bbox 1225 1758 1505 1814; x_wconf 82' lang='lat' dir='ltr'><strong><em>magnitudine</em></strong></span> <span class='ocrx_word' id='word_1_186' title='bbox 1533 1763 1741 1811; x_wconf 81' lang='lat' dir='ltr'><strong><em>aequaret,</em></strong></span> <span class='ocrx_word' id='word_1_187' title='bbox 1772 1757 1892 1814; x_wconf 87' lang='lat' dir='ltr'><strong><em>hujus</em></strong></span> <span class='ocrx_word' id='word_1_188' title='bbox 1920 1756 2142 1801; x_wconf 81' lang='lat' dir='ltr'><strong><em>foeminam</em></strong></span> <span class='ocrx_word' id='word_1_189' title='bbox 2172 1772 2252 1800; x_wconf 83' lang='lat' dir='ltr'><strong><em>esse</em></strong></span> 
     </span>
     <span class='ocr_line' id='line_1_23' title="bbox 696 1823 982 1877; baseline 0.01 -14"><span class='ocrx_word' id='word_1_190' title='bbox 696 1823 982 1877; x_wconf 78' lang='lat' dir='ltr'><strong><em>conjectarem.</em></strong></span> 
     </span>
    </p>
   </div>
   <div class='ocr_carea' id='block_1_3' title="bbox 640 1946 2253 2270">
    <p class='ocr_par' dir='ltr' id='par_1_6' title="bbox 640 1946 2253 2270">
     <span class='ocr_line' id='line_1_24' title="bbox 755 1946 2252 2003; baseline -0.001 -14"><span class='ocrx_word' id='word_1_191' title='bbox 755 1947 820 1989; x_wconf 86' lang='lat'><strong><em>83.</em></strong></span> <span class='ocrx_word' id='word_1_192' title='bbox 852 1948 1142 2001; x_wconf 71' lang='lat' dir='ltr'><strong><em>Platypeza</em></strong></span> <span class='ocrx_word' id='word_1_193' title='bbox 1175 1950 1421 1998; x_wconf 73' lang='lat' dir='ltr'><strong><em>anihrax,</em></strong></span> <span class='ocrx_word' id='word_1_194' title='bbox 1467 1962 1562 1989; x_wconf 87' lang='lat' dir='ltr'><strong><em>nov.</em></strong></span> <span class='ocrx_word' id='word_1_195' title='bbox 1599 1962 1661 2003; x_wconf 87' lang='lat' dir='ltr'><strong><em>sp.</em></strong></span> <span class='ocrx_word' id='word_1_196' title='bbox 1698 1946 1754 1993; x_wconf 59' lang='grc' dir='ltr'><strong><em>εἴ.</em></strong></span> <span class='ocrx_word' id='word_1_197' title='bbox 1783 1954 1845 1979; x_wconf 91' lang='lat'><strong><em>&#39;—</em></strong></span> <span class='ocrx_word' id='word_1_198' title='bbox 1884 1948 2018 1999; x_wconf 80' lang='lat' dir='ltr'><strong><em>Atra,</em></strong></span> <span class='ocrx_word' id='word_1_199' title='bbox 2053 1952 2252 1996; x_wconf 66' lang='lat' dir='ltr'><strong><em>mammis,</em></strong></span> 
     </span>
     <span class='ocr_line' id='line_1_25' title="bbox 640 2014 2252 2071; baseline 0 -18"><span class='ocrx_word' id='word_1_200' title='bbox 640 2014 808 2067; x_wconf 75' lang='lat' dir='ltr'><strong><em>pedibas</em></strong></span> <span class='ocrx_word' id='word_1_201' title='bbox 845 2015 1143 2070; x_wconf 69' lang='lat' dir='ltr'><strong><em>loalterihusque</em></strong></span> <span class='ocrx_word' id='word_1_202' title='bbox 1180 2017 1340 2071; x_wconf 69' lang='lat' dir='ltr'><strong><em>nigris,</em></strong></span> <span class='ocrx_word' id='word_1_203' title='bbox 1386 2016 1531 2055; x_wconf 78' lang='lat' dir='ltr'><strong><em>ultimo</em></strong></span> <span class='ocrx_word' id='word_1_204' title='bbox 1572 2015 1800 2055; x_wconf 75' lang='lat' dir='ltr'><strong><em>abdominis</em></strong></span> <span class='ocrx_word' id='word_1_205' title='bbox 1835 2021 2043 2071; x_wconf 75' lang='lat' dir='ltr'><strong><em>segmento</em></strong></span> <span class='ocrx_word' id='word_1_206' title='bbox 2078 2019 2252 2064; x_wconf 63' lang='lat' dir='ltr'><strong><em>cinerem</em></strong></span> 
     </span>
     <span class='ocr_line' id='line_1_26' title="bbox 641 2082 2253 2137; baseline 0 -16"><span class='ocrx_word' id='word_1_207' title='bbox 641 2082 732 2121; x_wconf 81' lang='lat' dir='ltr'><strong><em>alae</em></strong></span> <span class='ocrx_word' id='word_1_208' title='bbox 760 2083 1138 2135; x_wconf 66' lang='lat' dir='ltr'><strong><em>cinereo-hyalinae‚</em></strong></span> <span class='ocrx_word' id='word_1_209' title='bbox 1168 2098 1293 2123; x_wconf 78' lang='lat' dir='ltr'><strong><em>venae</em></strong></span> <span class='ocrx_word' id='word_1_210' title='bbox 1320 2082 1637 2137; x_wconf 77' lang='lat' dir='ltr'><strong><em>longitudinalis</em></strong></span> <span class='ocrx_word' id='word_1_211' title='bbox 1667 2089 1839 2136; x_wconf 78' lang='lat' dir='ltr'><strong><em>quartae</em></strong></span> <span class='ocrx_word' id='word_1_212' title='bbox 1867 2084 2025 2122; x_wconf 83' lang='lat' dir='ltr'><strong><em>ramulo</em></strong></span> <span class='ocrx_word' id='word_1_213' title='bbox 2053 2087 2253 2122; x_wconf 75' lang='lat' dir='ltr'><strong><em>anteriore</em></strong></span> 
     </span>
     <span class='ocr_line' id='line_1_27' title="bbox 641 2149 2252 2204; baseline 0.002 -17"><span class='ocrx_word' id='word_1_214' title='bbox 641 2149 782 2188; x_wconf 71' lang='lat' dir='ltr'><strong><em>leviter</em></strong></span> <span class='ocrx_word' id='word_1_215' title='bbox 817 2155 1009 2197; x_wconf 77' lang='lat' dir='ltr'><strong><em>arcuato,</em></strong></span> <span class='ocrx_word' id='word_1_216' title='bbox 1048 2150 1192 2189; x_wconf 72' lang='lat' dir='ltr'><strong><em>..elluld</em></strong></span> <span class='ocrx_word' id='word_1_217' title='bbox 1229 2154 1458 2203; x_wconf 77' lang='lat' dir='ltr'><strong><em>posteriore</em></strong></span> <span class='ocrx_word' id='word_1_218' title='bbox 1492 2149 1672 2190; x_wconf 62' lang='lat' dir='ltr'><strong><em>secunda</em></strong></span> <span class='ocrx_word' id='word_1_219' title='bbox 1706 2151 1834 2204; x_wconf 75' lang='lat' dir='ltr'><strong><em>longa</em></strong></span> <span class='ocrx_word' id='word_1_220' title='bbox 1868 2150 1940 2189; x_wconf 81' lang='lat' dir='ltr'><strong><em>sed</em></strong></span> <span class='ocrx_word' id='word_1_221' title='bbox 1975 2153 2169 2204; x_wconf 70' lang='lat' dir='ltr'><strong><em>ang-uslei.</em></strong></span> <span class='ocrx_word' id='word_1_222' title='bbox 2204 2172 2252 2178; x_wconf 90' lang='lat'><em>-</em></span> 
     </span>
     <span class='ocr_line' id='line_1_28' title="bbox 641 2213 1530 2270; baseline 0.004 -16"><span class='ocrx_word' id='word_1_223' title='bbox 641 2213 769 2270; x_wconf 85' lang='lat' dir='ltr'><strong><em>Long.</em></strong></span> <span class='ocrx_word' id='word_1_224' title='bbox 801 2229 912 2269; x_wconf 89' lang='lat' dir='ltr'><strong><em>corp.</em></strong></span> <span class='ocrx_word' id='word_1_225' title='bbox 950 2217 1025 2269; x_wconf 65' lang='lat'><strong><em>¹1⁵5</em></strong></span> <span class='ocrx_word' id='word_1_226' title='bbox 1047 2215 1133 2266; x_wconf 65' lang='lat' dir='ltr'><strong><em>liu..</em></strong></span> <span class='ocrx_word' id='word_1_227' title='bbox 1162 2216 1274 2270; x_wconf 84' lang='lat' dir='ltr'><strong><em>long.</em></strong></span> <span class='ocrx_word' id='word_1_228' title='bbox 1304 2216 1354 2257; x_wconf 88' lang='lat' dir='ltr'><strong><em>al.</em></strong></span> <span class='ocrx_word' id='word_1_229' title='bbox 1390 2218 1438 2269; x_wconf 63' lang='lat'><strong><em>1}</em></strong></span> <span class='ocrx_word' id='word_1_230' title='bbox 1461 2215 1530 2258; x_wconf 87' lang='lat' dir='ltr'><strong><em>lin.</em></strong></span> 
     </span>
    </p>
   </div>
   <div class='ocr_carea' id='block_1_4' title="bbox 640 2291 2256 3154">
    <p class='ocr_par' dir='ltr' id='par_1_7' title="bbox 640 2291 2256 3154">
     <span class='ocr_line' id='line_1_29' title="bbox 751 2291 2252 2349; baseline 0 -16"><span class='ocrx_word' id='word_1_231' title='bbox 751 2291 882 2348; x_wconf 88' lang='lat' dir='ltr'><strong><em>Caput</em></strong></span> <span class='ocrx_word' id='word_1_232' title='bbox 913 2293 1089 2347; x_wconf 82' lang='lat' dir='ltr'><strong><em>nigrum,</em></strong></span> <span class='ocrx_word' id='word_1_233' title='bbox 1120 2307 1309 2347; x_wconf 72' lang='lat' dir='ltr'><strong><em>opaeum,</em></strong></span> <span class='ocrx_word' id='word_1_234' title='bbox 1339 2294 1526 2335; x_wconf 81' lang='lat' dir='ltr'><strong><em>antennis</em></strong></span> <span class='ocrx_word' id='word_1_235' title='bbox 1557 2294 1769 2349; x_wconf 84' lang='lat' dir='ltr'><strong><em>palpisque</em></strong></span> <span class='ocrx_word' id='word_1_236' title='bbox 1799 2293 2104 2344; x_wconf 72' lang='lat' dir='ltr'><strong><em>concoloribus;</em></strong></span> <span class='ocrx_word' id='word_1_237' title='bbox 2134 2294 2252 2335; x_wconf 85' lang='lat' dir='ltr'><strong><em>facies</em></strong></span> 
     </span>
     <span class='ocr_line' id='line_1_30' title="bbox 641 2360 2250 2416; baseline -0.001 -15"><span class='ocrx_word' id='word_1_238' title='bbox 641 2361 819 2401; x_wconf 87' lang='lat' dir='ltr'><strong><em>breviter</em></strong></span> <span class='ocrx_word' id='word_1_239' title='bbox 856 2360 1181 2414; x_wconf 85' lang='lat' dir='ltr'><strong><em>nigro-pilosula.</em></strong></span> <span class='ocrx_word' id='word_1_240' title='bbox 1241 2360 1405 2402; x_wconf 82' lang='lat' dir='ltr'><strong><em>Thorax</em></strong></span> <span class='ocrx_word' id='word_1_241' title='bbox 1442 2367 1547 2411; x_wconf 81' lang='lat' dir='ltr'><strong><em>ater,</em></strong></span> <span class='ocrx_word' id='word_1_242' title='bbox 1585 2374 1756 2416; x_wconf 74' lang='lat' dir='ltr'><strong><em>opacus.</em></strong></span> <span class='ocrx_word' id='word_1_243' title='bbox 1793 2361 1945 2416; x_wconf 84' lang='lat' dir='ltr'><strong><em>plenris</em></strong></span> <span class='ocrx_word' id='word_1_244' title='bbox 1974 2361 2250 2416; x_wconf 75' lang='lat' dir='ltr'><strong><em>fusco-nigris.</em></strong></span> 
     </span>
     <span class='ocr_line' id='line_1_31' title="bbox 640 2427 2251 2483; baseline 0 -15"><span class='ocrx_word' id='word_1_245' title='bbox 640 2427 868 2468; x_wconf 81' lang='lat' dir='ltr'><strong><em>Scntellum</em></strong></span> <span class='ocrx_word' id='word_1_246' title='bbox 899 2432 939 2468; x_wconf 81' lang='lat' dir='ltr'><strong><em>et</em></strong></span> <span class='ocrx_word' id='word_1_247' title='bbox 968 2427 1171 2469; x_wconf 79' lang='lat' dir='ltr'><strong><em>abdomen</em></strong></span> <span class='ocrx_word' id='word_1_248' title='bbox 1203 2433 1305 2479; x_wconf 85' lang='lat' dir='ltr'><strong><em>atra,</em></strong></span> <span class='ocrx_word' id='word_1_249' title='bbox 1336 2441 1481 2483; x_wconf 67' lang='lat' dir='ltr'><strong><em>opacag</em></strong></span> <span class='ocrx_word' id='word_1_250' title='bbox 1513 2433 1818 2483; x_wconf 89' lang='lat' dir='ltr'><strong><em>segmentorum</em></strong></span> <span class='ocrx_word' id='word_1_251' title='bbox 1849 2428 2168 2469; x_wconf 86' lang='lat' dir='ltr'><strong><em>abdominalium</em></strong></span> <span class='ocrx_word' id='word_1_252' title='bbox 2198 2441 2251 2468; x_wconf 86' lang='lat' dir='ltr'><strong><em>se-</em></strong></span> 
     </span>
     <span class='ocr_line' id='line_1_32' title="bbox 641 2485 2251 2552; baseline 0 -18"><span class='ocrx_word' id='word_1_253' title='bbox 641 2494 762 2534; x_wconf 83' lang='lat' dir='ltr'><strong><em>cundi</em></strong></span> <span class='ocrx_word' id='word_1_254' title='bbox 793 2499 830 2535; x_wconf 88' lang='lat' dir='ltr'><strong><em>et</em></strong></span> <span class='ocrx_word' id='word_1_255' title='bbox 860 2494 971 2535; x_wconf 85' lang='lat' dir='ltr'><strong><em>tertii</em></strong></span> <span class='ocrx_word' id='word_1_256' title='bbox 1001 2495 1208 2548; x_wconf 85' lang='lat' dir='ltr'><strong><em>margines</em></strong></span> <span class='ocrx_word' id='word_1_257' title='bbox 1237 2485 1680 2552; x_wconf 54' lang='lat' dir='ltr'><strong><em>postici&#39;subtilissime</em></strong></span> <span class='ocrx_word' id='word_1_258' title='bbox 1709 2495 1975 2544; x_wconf 69' lang='lat' dir='ltr'><strong><em>rarescentes,</em></strong></span> <span class='ocrx_word' id='word_1_259' title='bbox 2004 2499 2251 2550; x_wconf 77' lang='lat' dir='ltr'><strong><em>segmentum</em></strong></span> 
     </span>
     <span class='ocr_line' id='line_1_33' title="bbox 642 2560 2251 2612; baseline -0.001 -10"><span class='ocrx_word' id='word_1_260' title='bbox 642 2561 832 2602; x_wconf 86' lang='lat' dir='ltr'><strong><em>ultimum</em></strong></span> <span class='ocrx_word' id='word_1_261' title='bbox 876 2561 1049 2602; x_wconf 83' lang='lat' dir='ltr'><strong><em>obscure</em></strong></span> <span class='ocrx_word' id='word_1_262' title='bbox 1093 2562 1320 2612; x_wconf 87' lang='lat' dir='ltr'><strong><em>cinereum,</em></strong></span> <span class='ocrx_word' id='word_1_263' title='bbox 1368 2561 1523 2603; x_wconf 74' lang='lat' dir='ltr'><strong><em>macula</em></strong></span> <span class='ocrx_word' id='word_1_264' title='bbox 1573 2562 1697 2604; x_wconf 72' lang='lat' dir='ltr'><strong><em>basuli</em></strong></span> <span class='ocrx_word' id='word_1_265' title='bbox 1743 2562 1852 2612; x_wconf 68' lang='lat' dir='ltr'><strong><em>atra,</em></strong></span> <span class='ocrx_word' id='word_1_266' title='bbox 1890 2563 2043 2603; x_wconf 73' lang='lat' dir='ltr'><strong><em>minuta</em></strong></span> <span class='ocrx_word' id='word_1_267' title='bbox 2079 2567 2121 2604; x_wconf 87' lang='lat' dir='ltr'><strong><em>et</em></strong></span> <span class='ocrx_word' id='word_1_268' title='bbox 2164 2560 2251 2603; x_wconf 89' lang='lat' dir='ltr'><strong><em>sub-</em></strong></span> 
     </span>
     <span class='ocr_line' id='line_1_34' title="bbox 642 2627 2253 2684; baseline -0.001 -15"><span class='ocrx_word' id='word_1_269' title='bbox 642 2627 840 2682; x_wconf 75' lang='lat' dir='ltr'><strong><em>triangula</em></strong></span> <span class='ocrx_word' id='word_1_270' title='bbox 872 2628 1039 2683; x_wconf 82' lang='lat' dir='ltr'><strong><em>pictum.</em></strong></span> <span class='ocrx_word' id='word_1_271' title='bbox 1103 2628 1229 2669; x_wconf 84' lang='lat' dir='ltr'><strong><em>Pedes</em></strong></span> <span class='ocrx_word' id='word_1_272' title='bbox 1261 2630 1364 2684; x_wconf 82' lang='lat' dir='ltr'><strong><em>nigri</em></strong></span> <span class='ocrx_word' id='word_1_273' title='bbox 1394 2629 1460 2670; x_wconf 86' lang='lat' dir='ltr'><strong><em>vel</em></strong></span> <span class='ocrx_word' id='word_1_274' title='bbox 1481 2630 1738 2684; x_wconf 78' lang='lat' dir='ltr'><strong><em>fusco-nigri,</em></strong></span> <span class='ocrx_word' id='word_1_275' title='bbox 1768 2627 1938 2684; x_wconf 82' lang='lat' dir='ltr'><strong><em>genibus</em></strong></span> <span class='ocrx_word' id='word_1_276' title='bbox 1961 2629 2157 2670; x_wconf 83' lang='lat' dir='ltr'><strong><em>extremis</em></strong></span> <span class='ocrx_word' id='word_1_277' title='bbox 2177 2627 2253 2684; x_wconf 84' lang='lat' dir='ltr'><strong><em>pal·</em></strong></span> 
     </span>
     <span class='ocr_line' id='line_1_35' title="bbox 641 2693 2253 2750; baseline -0.001 -14"><span class='ocrx_word' id='word_1_278' title='bbox 641 2695 746 2737; x_wconf 87' lang='lat' dir='ltr'><strong><em>lidis.</em></strong></span> <span class='ocrx_word' id='word_1_279' title='bbox 812 2693 1000 2735; x_wconf 85' lang='lat' dir='ltr'><strong><em>Halteres</em></strong></span> <span class='ocrx_word' id='word_1_280' title='bbox 1037 2695 1155 2750; x_wconf 88' lang='lat' dir='ltr'><strong><em>nigri.</em></strong></span> <span class='ocrx_word' id='word_1_281' title='bbox 1216 2695 1317 2736; x_wconf 88' lang='lat' dir='ltr'><strong><em>Alae</em></strong></span> <span class='ocrx_word' id='word_1_282' title='bbox 1353 2696 1561 2750; x_wconf 83' lang='lat' dir='ltr'><strong><em>hyalinae,</em></strong></span> <span class='ocrx_word' id='word_1_283' title='bbox 1602 2696 1748 2738; x_wconf 82' lang='lat' dir='ltr'><strong><em>leviter</em></strong></span> <span class='ocrx_word' id='word_1_284' title='bbox 1783 2697 2104 2746; x_wconf 80' lang='lat' dir='ltr'><strong><em>cinerascentes‚</em></strong></span> <span class='ocrx_word' id='word_1_285' title='bbox 2146 2694 2253 2737; x_wconf 89' lang='lat' dir='ltr'><strong><em>venis</em></strong></span> 
     </span>
     <span class='ocr_line' id='line_1_36' title="bbox 640 2761 2251 2818; baseline -0.001 -15"><span class='ocrx_word' id='word_1_286' title='bbox 640 2762 782 2810; x_wconf 76' lang='lat' dir='ltr'><strong><em>fuscis3</em></strong></span> <span class='ocrx_word' id='word_1_287' title='bbox 820 2775 924 2803; x_wconf 87' lang='lat' dir='ltr'><strong><em>vena</em></strong></span> <span class='ocrx_word' id='word_1_288' title='bbox 962 2767 1191 2803; x_wconf 86' lang='lat' dir='ltr'><strong><em>transversa</em></strong></span> <span class='ocrx_word' id='word_1_289' title='bbox 1224 2763 1358 2803; x_wconf 87' lang='lat' dir='ltr'><strong><em>minor</em></strong></span> <span class='ocrx_word' id='word_1_290' title='bbox 1388 2763 1438 2804; x_wconf 91' lang='lat' dir='ltr'><strong><em>ab</em></strong></span> <span class='ocrx_word' id='word_1_291' title='bbox 1468 2763 1553 2806; x_wconf 83' lang='lat' dir='ltr'><strong><em>alae</em></strong></span> <span class='ocrx_word' id='word_1_292' title='bbox 1587 2763 1673 2805; x_wconf 85' lang='lat' dir='ltr'><strong><em>basi</em></strong></span> <span class='ocrx_word' id='word_1_293' title='bbox 1702 2764 1824 2805; x_wconf 85' lang='lat' dir='ltr'><strong><em>latius</em></strong></span> <span class='ocrx_word' id='word_1_294' title='bbox 1853 2768 2028 2814; x_wconf 78' lang='lat' dir='ltr'><strong><em>remota,</em></strong></span> <span class='ocrx_word' id='word_1_295' title='bbox 2065 2776 2188 2818; x_wconf 90' lang='lat' dir='ltr'><strong><em>quam</em></strong></span> <span class='ocrx_word' id='word_1_296' title='bbox 2216 2761 2251 2802; x_wconf 87' lang='lat' dir='ltr'><strong><em>in</em></strong></span> 
     </span>
     <span class='ocr_line' id='line_1_37' title="bbox 641 2828 2253 2884; baseline -0.001 -15"><span class='ocrx_word' id='word_1_297' title='bbox 641 2829 886 2884; x_wconf 71' lang='lat' dir='ltr'><strong><em>Plalype-zis</em></strong></span> <span class='ocrx_word' id='word_1_298' title='bbox 915 2830 1097 2870; x_wconf 65' lang='lat' dir='ltr'><strong><em>velun-za</em></strong></span> <span class='ocrx_word' id='word_1_299' title='bbox 1117 2832 1157 2870; x_wconf 87' lang='lat' dir='ltr'><strong><em>et</em></strong></span> <span class='ocrx_word' id='word_1_300' title='bbox 1179 2828 1365 2881; x_wconf 65' lang='lat' dir='ltr'><strong><em>obscura,</em></strong></span> <span class='ocrx_word' id='word_1_301' title='bbox 1396 2831 1453 2871; x_wconf 82' lang='lat' dir='ltr'><strong><em>ita</em></strong></span> <span class='ocrx_word' id='word_1_302' title='bbox 1484 2834 1528 2872; x_wconf 85' lang='lat' dir='ltr'><strong><em>nt</em></strong></span> <span class='ocrx_word' id='word_1_303' title='bbox 1557 2831 1822 2873; x_wconf 82' lang='lat' dir='ltr'><strong><em>intervallum</em></strong></span> <span class='ocrx_word' id='word_1_304' title='bbox 1851 2832 1958 2873; x_wconf 85' lang='lat' dir='ltr'><strong><em>inter</em></strong></span> <span class='ocrx_word' id='word_1_305' title='bbox 1978 2844 2102 2872; x_wconf 85' lang='lat' dir='ltr'><strong><em>venas</em></strong></span> <span class='ocrx_word' id='word_1_306' title='bbox 2131 2834 2253 2871; x_wconf 85' lang='lat' dir='ltr'><strong><em>trans-</em></strong></span> 
     </span>
     <span class='ocr_line' id='line_1_38' title="bbox 642 2896 2254 2952; baseline 0 -16"><span class='ocrx_word' id='word_1_307' title='bbox 642 2909 777 2937; x_wconf 83' lang='lat' dir='ltr'><strong><em>versas</em></strong></span> <span class='ocrx_word' id='word_1_308' title='bbox 812 2896 1016 2952; x_wconf 84' lang='lat' dir='ltr'><strong><em>duplicem</em></strong></span> <span class='ocrx_word' id='word_1_309' title='bbox 1056 2896 1354 2951; x_wconf 83' lang='lat' dir='ltr'><strong><em>longitudinem</em></strong></span> <span class='ocrx_word' id='word_1_310' title='bbox 1391 2897 1623 2948; x_wconf 81' lang='lat' dir='ltr'><strong><em>intervalli,</em></strong></span> <span class='ocrx_word' id='word_1_311' title='bbox 1659 2899 1767 2952; x_wconf 88' lang='lat' dir='ltr'><strong><em>quod</em></strong></span> <span class='ocrx_word' id='word_1_312' title='bbox 1805 2899 1913 2940; x_wconf 84' lang='lat' dir='ltr'><strong><em>inter</em></strong></span> <span class='ocrx_word' id='word_1_313' title='bbox 1948 2911 2094 2940; x_wconf 85' lang='lat' dir='ltr'><strong><em>venam</em></strong></span> <span class='ocrx_word' id='word_1_314' title='bbox 2133 2902 2254 2938; x_wconf 90' lang='lat' dir='ltr'><strong><em>trans·</em></strong></span> 
     </span>
     <span class='ocr_line' id='line_1_39' title="bbox 641 2962 2255 3020; baseline -0.001 -16"><span class='ocrx_word' id='word_1_315' title='bbox 641 2975 800 3005; x_wconf 81' lang='lat' dir='ltr'><strong><em>versam</em></strong></span> <span class='ocrx_word' id='word_1_316' title='bbox 830 2963 1032 3005; x_wconf 86' lang='lat' dir='ltr'><strong><em>minorem</em></strong></span> <span class='ocrx_word' id='word_1_317' title='bbox 1062 2968 1102 3006; x_wconf 87' lang='lat' dir='ltr'><strong><em>et</em></strong></span> <span class='ocrx_word' id='word_1_318' title='bbox 1133 2963 1308 3005; x_wconf 84' lang='lat' dir='ltr'><strong><em>cellulae</em></strong></span> <span class='ocrx_word' id='word_1_319' title='bbox 1336 2964 1567 3007; x_wconf 87' lang='lat' dir='ltr'><strong><em>‹liscoidalis</em></strong></span> <span class='ocrx_word' id='word_1_320' title='bbox 1597 2965 1720 3007; x_wconf 87' lang='lat' dir='ltr'><strong><em>basim</em></strong></span> <span class='ocrx_word' id='word_1_321' title='bbox 1740 2966 2004 3020; x_wconf 84' lang='lat' dir='ltr'><strong><em>interjectum</em></strong></span> <span class='ocrx_word' id='word_1_322' title='bbox 2034 2969 2110 3015; x_wconf 83' lang='lat' dir='ltr'><strong><em>est,</em></strong></span> <span class='ocrx_word' id='word_1_323' title='bbox 2138 2962 2255 3020; x_wconf 83' lang='lat' dir='ltr'><strong><em>paulo</em></strong></span> 
     </span>
     <span class='ocr_line' id='line_1_40' title="bbox 641 3030 2256 3088; baseline -0.002 -15"><span class='ocrx_word' id='word_1_324' title='bbox 641 3035 826 3086; x_wconf 53' lang='lat' dir='ltr'><strong><em>superem</em></strong></span> <span class='ocrx_word' id='word_1_325' title='bbox 861 3030 1041 3072; x_wconf 85' lang='lat' dir='ltr'><strong><em>ramulus</em></strong></span> <span class='ocrx_word' id='word_1_326' title='bbox 1080 3032 1261 3073; x_wconf 84' lang='lat' dir='ltr'><strong><em>anterior</em></strong></span> <span class='ocrx_word' id='word_1_327' title='bbox 1296 3045 1424 3073; x_wconf 86' lang='lat' dir='ltr'><strong><em>venae</em></strong></span> <span class='ocrx_word' id='word_1_328' title='bbox 1454 3031 1763 3088; x_wconf 88' lang='lat' dir='ltr'><strong><em>longitudinalis</em></strong></span> <span class='ocrx_word' id='word_1_329' title='bbox 1800 3038 1969 3088; x_wconf 77' lang='lat' dir='ltr'><strong><em>quartae</em></strong></span> <span class='ocrx_word' id='word_1_330' title='bbox 1998 3032 2145 3074; x_wconf 83' lang='lat' dir='ltr'><strong><em>leviter</em></strong></span> <span class='ocrx_word' id='word_1_331' title='bbox 2172 3043 2256 3072; x_wconf 84' lang='lat' dir='ltr'><strong><em>cur-</em></strong></span> 
     </span>
     <span class='ocr_line' id='line_1_41' title="bbox 642 3097 2254 3154; baseline -0.001 -16"><span class='ocrx_word' id='word_1_332' title='bbox 642 3101 773 3150; x_wconf 74' lang='lat' dir='ltr'><strong><em>vatus,</em></strong></span> <span class='ocrx_word' id='word_1_333' title='bbox 803 3099 1007 3154; x_wconf 87' lang='lat' dir='ltr'><strong><em>posterior</em></strong></span> <span class='ocrx_word' id='word_1_334' title='bbox 1038 3098 1276 3150; x_wconf 77' lang='lat' dir='ltr'><strong><em>mediocris3</em></strong></span> <span class='ocrx_word' id='word_1_335' title='bbox 1314 3099 1459 3141; x_wconf 85' lang='lat' dir='ltr'><strong><em>cellula</em></strong></span> <span class='ocrx_word' id='word_1_336' title='bbox 1489 3102 1692 3154; x_wconf 83' lang='lat' dir='ltr'><strong><em>posterior</em></strong></span> <span class='ocrx_word' id='word_1_337' title='bbox 1721 3101 1900 3142; x_wconf 69' lang='lat' dir='ltr'><strong><em>secunda</em></strong></span> <span class='ocrx_word' id='word_1_338' title='bbox 1932 3099 2064 3154; x_wconf 72' lang='lat' dir='ltr'><strong><em>longa,</em></strong></span> <span class='ocrx_word' id='word_1_339' title='bbox 2093 3097 2162 3140; x_wconf 89' lang='lat' dir='ltr'><strong><em>sed</em></strong></span> <span class='ocrx_word' id='word_1_340' title='bbox 2191 3111 2254 3138; x_wconf 93' lang='lat' dir='ltr'><strong><em>an-</em></strong></span> 
     </span>
    </p>
   </div>
   <div class='ocr_carea' id='block_1_5' title="bbox 0 0 2536 3568">
    <p class='ocr_par' dir='ltr' id='par_1_8' title="bbox 0 0 2536 3568">
     <span class='ocr_line' id='line_1_42' title="bbox 0 0 2536 3568; baseline 0 0"><span class='ocrx_word' id='word_1_341' title='bbox 0 0 2536 3568; x_wconf 95' lang='lat' dir='ltr'><strong><em> </em></strong></span> 
     </span>
    </p>
   </div>
   <div class='ocr_carea' id='block_1_6' title="bbox 2534 1119 2536 1793">
    <p class='ocr_par' dir='ltr' id='par_1_9' title="bbox 2534 1119 2536 1793">
     <span class='ocr_line' id='line_1_43' title="bbox 2534 1119 2536 1793; baseline 0 0"><span class='ocrx_word' id='word_1_342' title='bbox 2534 1119 2536 1793; x_wconf 95' lang='lat' dir='ltr'><strong><em> </em></strong></span> 
     </span>
    </p>
   </div>
  </div>
 </body>
</html>
