2592 3568
0 615 56 651 er,
83 598 166 639 hat-

4 670 168 722 procur

0 731 173 775 amnibus

4 801 55 854 l÷
75 798 146 840 lin.
182 801 184 803 ’

0 883 177 920 ,υίονωο-

11 944 178 985 Femora

0 1009 179 1066 posticae

0 1090 88 1119 rum
117 1088 180 1129 pe-

0 1159 18 1185 s
43 1141 184 1199 primis

0 1210 114 1252 libus.
134 1229 185 1238 —-

0 1400 189 1454 picanti-

0 1466 98 1507 tmllo
132 1464 191 1505 di-

3 1533 95 1573 thiu
117 1544 191 1583 po-

0 1599 81 1651 21⁸³
96 1597 165 1638 tin.

0 1674 197 1718 ’roboscis

4 1744 197 1797 tingente,

5 1830 8 1846 :
42 1807 199 1851 0b8018-

13 1889 54 1918 es
82 1874 198 1930 nigri.

3 1962 4 1966 =
27 1942 200 1984 bdomen

19 2006 203 2064 εΐῦῦὶιθθο

6 2075 203 2118 osteriora

5 2148 124 2192 atae,
150 2141 206 2182 in-

12 2210 53 2260 i,
80 2209 122 2250 in
142 2220 207 2249 oo·

36 2280 79 2318 et
109 2287 208 2316 mar-

44 2341 209 2396 reliquis

16 2408 210 2451 udicula-

17 2476 211 2531 equilate-

21 2558 40 2585 s
58 2546 213 2597 quarta,

20 2625 40 2652 ι·
65 2609 214 2652 reflexa

50 3024 103 3053 ex
133 3007 221 3051 ohn-

45 3078 127 3120 duo
155 3075 223 3117 ob-

22 2815 80 2849 rn,
106 2797 218 2853 pedi-

19 2868 111 2908 ulae
138 2866 219 2906 du-

976 303 1198 344 amma-ae
1223 306 1566 359 septentrionalis.
2017 306 2074 349 33

454 425 572 454 scure
609 413 797 463 testacei,
832 413 1028 455 articulus
1064 415 1212 456 tertius
1249 414 1549 467 breviusculus,
1586 421 1752 467 ovatus,
1781 416 1921 472 niger,
1958 417 2071 472 stylo

455 478 616 534 aequali
647 481 886 529 instructus,
917 480 1128 535 proboscis
1151 482 1299 533 brevis,
1330 482 1445 523 labro
1465 483 1608 538 capitis
1628 482 1928 539 longitudinem
1949 484 2071 539 paulo

456 547 667 596 vincente,
704 547 835 601 piceo.
899 546 1098 588 'rt-,oncis
1127 548 1293 589 dorsum
1324 562 1377 589 ex
1413 548 1615 602 chalybeo
1644 550 1868 600 virescens,
1903 550 2072 605 pleurae

457 613 602 667 nigro·
620 613 780 667 piceae,
811 627 975 669 opacae,
1006 618 1101 654 ante
1130 613 1285 655 alarum
1315 613 1445 656 basim
1474 613 1697 668 chalybeae
1726 620 1769 657 et
1797 616 1970 667 nitidae3
1998 617 2071 673 pili

455 685 551 721 ante
581 678 754 720 halteres
783 680 903 734 nigri.
960 679 1088 720 Color
1117 679 1350 721 abdominis
1385 695 1436 721 ex
1466 680 1854 734 chalyben-aeneus,
1883 684 1925 724 in
1954 685 2071 739 apice

455 745 685 786 abdominis
720 747 760 786 in
800 745 1029 787 violaceum
1069 750 1262 788 mutatus.
1320 746 1614 802 Hypopygium
1644 760 1836 802 parvum,
1869 750 2069 803 clausum,

456 812 618 868 nigrum
648 817 688 853 et
720 812 1087 867 nigro-pilosulum,
1114 817 1328 867 segmento
1359 812 1505 853 ultimo
1527 813 1682 854 ventris
1710 813 1912 856 fornicato
1941 821 1981 858 et
2012 817 2070 872 pi-

456 878 504 919 lis
535 879 658 934 nigris
690 879 841 920 vestito
871 879 1098 927 suffultum3
1129 878 1313 920 lamellae
1344 878 1534 920 laterales
1554 878 1714 930 breves;
1745 880 1904 922 lamella
1923 895 2069 938 supera

455 945 656 995 dissecta;
679 945 794 1001 penis
824 950 1003 1001 opertus,
1032 944 1189 1000 apicem
1221 958 1362 986 versus
1392 946 1662 988 tenuissimus,
1719 945 1848 988 Pedes
1879 948 2070 1004 nigro-pi·

457 1012 534 1061 cei,
564 1011 861 1067 nigro-pilosi,
899 1012 1149 1053 anteriorum
1188 1010 1413 1052 femoribus
1449 1012 1488 1052 in
1520 1012 1670 1054 triente
1698 1012 1845 1068 apicali
1874 1015 2068 1069 tibiisque

456 1083 617 1133 praeter
652 1079 827 1132 apicem,
867 1079 1119 1133 posticorum
1158 1078 1325 1133 genibus
1355 1083 1644 1132 tarsorumque
1672 1080 1855 1120 omnium
1885 1081 2068 1123 articulis

456 1144 638 1186 secundo
668 1147 709 1185 et
737 1145 862 1186 tertio
892 1158 982 1186 eum
1013 1145 1128 1200 apice
1158 1150 1346 1186 extremo
1377 1145 1497 1200 primi
1525 1149 1568 1186 et
1596 1159 1687 1187 cum
1717 1146 1797 1186 ima
1826 1148 1959 1200 quarti
1982 1147 2068 1189 basi

459 1211 588 1251 dilute
617 1210 934 1262 lutesccntibus3
969 1211 1095 1252 tibiae
1131 1212 1358 1252 anteriores
1396 1224 1568 1266 superne
1598 1211 1689 1266 pilis
1719 1212 1957 1264 ordinariis,
1985 1214 2068 1269 api-

458 1291 546 1318 cem
586 1291 726 1318 versus
762 1277 856 1332 pilis
891 1279 1133 1333 compressis
1168 1277 1353 1327 ciliatae3
1390 1279 1597 1318 metatarsi
1633 1279 1857 1320 anteriores
1894 1294 2068 1334 superne

457 1344 639 1385 breviter
672 1345 860 1398 pennati3
907 1345 1055 1399 pedum
1098 1345 1351 1399 poeticorum
1392 1343 1517 1384 tibiae
1555 1349 1595 1385 et
1629 1344 1785 1385 femora
1823 1357 2068 1400 compressa,

456 1410 551 1452 illae
586 1423 763 1465 superne
798 1415 1021 1465 pennatae,
1052 1411 1157 1451 infra
1187 1409 1282 1465 pilis
1311 1409 1504 1450 confertis
1534 1409 1717 1461 ciliatae‚
1747 1410 1848 1451 haec
1875 1412 2069 1467 utrinque

456 1482 647 1533 pennata.
703 1475 887 1518 Halteres
915 1477 1170 1532 nigro-fusci.
1244 1476 1345 1518 Alae
1373 1490 1474 1532 pure
1504 1475 1709 1531 hyalinae,
1739 1477 1825 1518 basi
1852 1477 2070 1532 limbisque

457 1550 594 1586 costae
624 1548 667 1585 et
695 1543 867 1585 cellulae
904 1543 1137 1585 discoidalis
1172 1542 1381 1584 latissimis
1411 1542 1554 1597 nigris,
1590 1543 1646 1583 ita
1675 1548 1720 1584 ut
1750 1547 1914 1598 praeter
1941 1545 2068 1586 trian-

457 1612 596 1666 gulum
627 1610 725 1651 inde
753 1622 774 1650 a
806 1611 985 1664 margine
1014 1610 1176 1651 axillari
1215 1622 1341 1664 usque
1379 1608 1430 1650 ad
1467 1622 1612 1650 venam
1642 1613 1829 1663 quartam
1858 1612 2069 1665 pertinens

458 1682 501 1719 et
530 1681 692 1733 praeter
721 1676 921 1718 maculam
951 1676 1122 1719 cellulae
1152 1675 1401 1725 discoidalis,
1430 1677 1568 1717 antico
1589 1674 1707 1730 hujus
1737 1677 1909 1731 margini
1938 1678 2070 1719 conti-

456 1758 590 1800 guam,
620 1743 791 1785 cellulae
821 1744 1070 1797 posteriores
1097 1743 1258 1799 primae
1286 1748 1368 1784 tres
1402 1742 1594 1798 hyalinac
1623 1742 1720 1791 sint,
1749 1742 1904 1797 primae
1931 1748 2068 1786 tamen

457 1811 627 1853 dimidio
657 1810 782 1852 basali
811 1809 1141 1864 reliquarumque
1161 1809 1245 1851 basi
1266 1809 1461 1863 exceptis.
1519 1808 1633 1849 Vena
1662 1808 1972 1862 longitudinalis
1989 1815 2069 1852 ter·

456 1879 514 1920 tia
549 1882 713 1934 praeter
747 1875 946 1917 ramulum
982 1876 1250 1925 anteriorem,
1280 1875 1659 1931 perpendicularem
1690 1878 1732 1915 et
1761 1875 2069 1927 subrecurvum,

457 1944 657 1986 ramulum
688 1942 863 1984 alterum
892 1941 1058 1984 brevem
1087 1942 1127 1983 in
1158 1940 1347 1982 cellulam
1379 1942 1645 1997 posteriorem
1677 1941 1846 1995 primam
1877 1941 2017 1993 mittit,
2044 1957 2067 1984 a

457 2011 560 2053 vena
589 2009 818 2051 transversa
850 2008 982 2049 media
1012 2013 1055 2050 et
1082 2009 1133 2050 ab
1164 2008 1255 2049 alae
1283 2009 1398 2063 apice
1427 2020 1556 2060 aeque
1574 2007 1815 2056 distantem
1843 2007 1990 2049 cellula
2009 2010 2068 2051 di·

455 2077 648 2119 scoidalis
678 2076 771 2126 lata,
801 2074 965 2130 oblique
993 2079 1203 2126 truncata3
1240 2087 1341 2116 vena
1379 2073 1683 2129 longitudiualis
1717 2077 1862 2126 quarta
1891 2079 1934 2115 et
1965 2089 2068 2118 vena

458 2143 708 2185 intercalaris
744 2147 908 2192 tenues,
943 2146 1039 2184 ante
1073 2141 1160 2183 alae
1195 2142 1417 2195 marginem
1457 2143 1757 2181 evanescentes.
1786 2162 1841 2170 —-
1873 2141 2068 2194 (Mexico,

459 2210 624 2267 Deppe;
655 2209 757 2250 Mus.
787 2208 943 2262 Berol.)

568 2332 634 2374 56.
680 2332 854 2385 Empis
883 2332 1077 2380 suavis,
1107 2344 1200 2371 nov,
1231 2342 1290 2384 sp.
1338 2327 1383 2374 Ω.
1435 2351 1485 2358 --
1533 2328 1700 2377 Numa,
1729 2330 1836 2370 laete
1861 2330 2066 2385 chalyben,

456 2401 640 2441 thoracis
668 2399 790 2438 dorso
818 2403 981 2451 praeter
1008 2402 1239 2451 marginem
1265 2400 1469 2450 posticum
1497 2397 1643 2447 viridi,
1680 2401 1872 2436 antennis
1899 2398 2067 2437 hatten:

456 2467 605 2522 busque
631 2469 784 2520 nigris,
812 2465 893 2504 alis
919 2477 1020 2517 pure
1048 2464 1239 2518 Ityolt'm‘s.
1270 2483 1321 2492 —
1352 2460 1480 2517 Long.
1511 2475 1622 2517 corp.
1659 2463 1706 2515 l}
1736 2462 1830 2513 lin.,
1858 2461 1987 2518 Long.
2015 2464 2066 2505 al.

458 2533 538 2585 11³3
568 2531 639 2572 lin.

569 2609 696 2649 Frons
724 2612 765 2648 et
794 2608 918 2649 facies
937 2621 987 2648 ex
1009 2606 1212 2660 chalyben
1234 2606 1394 2656 virides,
1425 2605 1597 2654 nitidae,
1627 2606 1787 2661 occiput
1810 2605 2068 2661 chalybeum,

456 2677 617 2718 modice
648 2676 792 2716 nitens.
852 2672 1070 2715 Antennae
1098 2674 1250 2728 nigrae,
1279 2671 1454 2713 articulo
1485 2674 1617 2727 primo
1646 2672 1916 2726 longiusculo,
1946 2675 2068 2714 tertio

456 2748 592 2794 ovato,
621 2743 708 2784 seta
737 2755 786 2782 eo
818 2740 1023 2790 breviore,
1059 2740 1272 2795 proboscis
1310 2740 1444 2794 capite
1481 2738 1604 2794 paulo
1641 2739 1815 2794 longior.
1873 2738 2067 2780 Thoracis

454 2810 619 2851 dorsum
649 2808 792 2855 viride,
821 2807 1013 2855 nitidum,
1043 2808 1224 2861 margine
1254 2806 1414 2860 postico
1445 2805 1657 2860 chalybeo.
1714 2805 1943 2846 scutellum
1975 2804 2067 2845 cha-

456 2875 637 2930 lybeum.
697 2874 868 2916 Pleurae
897 2872 1206 2928 piceo-nigrae,
1243 2876 1335 2913 ante
1371 2870 1527 2912 alarum
1568 2872 1697 2913 basim
1726 2872 1878 2912 virides
1906 2875 1948 2911 et
1977 2872 2068 2912 niti·

455 2942 541 2984 dae.
601 2942 812 2984 Abdomen
854 2938 1184 2988 crassiusculum,
1221 2938 1327 2979 laete
1356 2937 1623 2993 chalybeum,
1651 2938 1838 2979 nitidum.
1896 2936 2068 2979 Femora

454 3010 583 3063 picea,
610 3014 797 3050 extremo
827 3006 942 3060 apice
961 3003 1139 3054 luteolo;
1168 3004 1295 3046 tibiae
1315 3004 1575 3053 latescentem
1603 3005 1759 3060 apicem
1791 3017 1928 3045 versus
1946 3003 2069 3058 paulo

452 3073 730 3125 obscuriores,
766 3072 1015 3130 poeticarum
1045 3072 1160 3127 apice
1190 3071 1327 3122 fusco,
1362 3071 1463 3113 tarsi
1491 3071 1615 3112 antici
1647 3069 1769 3120 lusci,
1799 3069 1982 3112 articulis
2011 3070 2066 3112 in·

489 3140 910 3170 Bethnntomolffiettsohr.
933 3139 1016 3168 xm.
1758 3135 1786 3176 3
