2416 3648
504 257 559 298 94
1017 295 1019 297 ,
1100 256 1153 299 11.
1183 257 1322 298 Loew:
1354 257 1531 312 Da’ptera

505 367 630 411 rectis
667 373 880 409 armatum.
940 367 1154 409 Abdomen
1191 381 1312 421 quam
1343 368 1381 408 in
1420 367 1714 424 congeneribus
1754 367 1957 424 plerisque
1987 369 2117 412 minus

505 435 754 491 depressum,
783 435 998 475 confertim
1031 433 1475 488 cinereo-pollinosum
1513 439 1555 476 et
1586 435 1688 475 vitta
1719 434 1887 491 angusta
1916 436 2028 490 nigra
2058 452 2117 478 or-

506 508 658 543 natum.
719 501 1010 557 Hypopygium
1041 515 1115 556 pro
1146 502 1336 556 portione
1371 514 1574 556 magnum.
1636 501 1776 543 Coxae
1814 502 2115 557 piceo-nigrae,

504 569 769 610 intermediae
804 568 918 622 spina
956 568 1115 609 adunca
1147 573 1335 609 armatae.
1392 568 1563 609 Femora
1603 569 1865 623 piceo-nigra
1898 568 1961 609 vel
1993 569 2114 623 picea,

505 636 620 691 apice
650 640 833 676 extremo
865 634 1035 676 dilutius
1068 636 1217 685 tincto;
1256 635 1412 676 femora
1442 636 1683 676 intermedia
1715 636 1869 684 valida,
1898 636 1938 675 in
1970 636 2116 678 triente

505 703 648 758 apicali
678 702 826 743 sensim
859 706 1085 750 attenuata,
1116 701 1218 742 infra
1249 703 1344 743 setis
1374 717 1504 758 prope
1533 702 1658 743 basim
1691 703 1809 753 raris,
1846 702 2003 757 apicem
2035 717 2115 744 ver-

504 784 571 811 sus
602 768 917 809 consertionibus
955 769 1294 824 brevioribusque
1332 770 1539 810 instructa.
1605 769 1746 811 Tibiae
1781 784 1833 811 ex
1863 768 1976 809 fusco
2006 770 2117 810 rufae

505 836 569 877 vel
601 840 814 884 testaceae,
845 836 1001 877 amicae
1033 836 1199 891 reliquis
1228 850 1388 890 semper
1417 836 1636 885 fusciores,
1675 836 1939 877 intermediae
1969 836 2116 892 simpli-

505 917 585 952 ces,
615 903 764 943 triente
793 903 939 957 apicali
977 903 1044 943 vix
1081 902 1379 943 obsoletissime
1410 903 1657 952 incrassato,
1695 903 1798 944 infra
1831 905 1938 958 pube
1970 905 2116 944 brevis-

503 969 617 1020 sima,
646 971 685 1009 in
718 970 867 1011 triente
897 969 1042 1025 apicali
1073 969 1196 1024 paulo
1227 969 1411 1022 longiore
1442 970 1628 1011 vestitae.
1686 969 1798 1010 Tarsi
1821 971 1936 1024 nigri,
1966 971 2114 1024 simpli-

504 1051 586 1078 ces.
643 1035 820 1091 Tegulae
850 1037 1107 1086 lutescentes,
1137 1036 1304 1078 inferior
1334 1037 1544 1090 superiore
1574 1036 1716 1090 major.
1774 1035 1961 1077 Halteres
1992 1037 2116 1078 dilute

505 1105 780 1145 flavescentes.
841 1103 941 1144 Alae
970 1103 1198 1154 subfuscae,
1228 1103 1311 1144 basi
1342 1103 1474 1152 lutea,
1504 1116 1631 1144 venae
1654 1103 1969 1158 longitudinales
2000 1105 2115 1145 tertia

505 1177 545 1212 et
575 1175 717 1224 quarta
749 1171 943 1211 adversus
973 1171 1130 1225 apicem
1164 1170 1325 1211 modice
1356 1175 1670 1225 convergentes,
1709 1184 1838 1211 venae
1874 1174 2115 1211 transversa·

505 1239 561 1280 les
592 1238 711 1279 latius
742 1239 849 1278 inter
878 1252 922 1278 se
953 1238 1161 1287 distantes,
1189 1239 1247 1278 ita
1278 1241 1325 1277 ut
1353 1242 1609 1292 segmentum
1633 1237 1820 1278 ultimum
1851 1242 2019 1292 quartae
2048 1237 2114 1277 du-

504 1306 650 1361 plicem
682 1304 921 1359 paenultimi
951 1304 1249 1359 longitudinem
1278 1318 1360 1345 uon
1389 1305 1642 1359 aequiparet.
1673 1327 1725 1334 —
1754 1304 1929 1358 (Middle
1961 1303 2115 1355 States;

507 1371 851 1424 Osten-Sacken.)

619 1438 759 1480 Nota.
830 1440 1119 1493 Homatomyia
1152 1440 1433 1488 tetracantlia,
1477 1439 1773 1493 Homatomyiis
1811 1443 1978 1492 apricae
2013 1437 2115 1489 Hal,

506 1512 665 1562 insigni
694 1506 787 1548 va.
818 1511 859 1547 et
888 1506 1028 1546 obesae
1056 1505 1155 1548 Lw.
1191 1509 1361 1561 propter
1395 1507 1575 1561 pectoris
1612 1519 1893 1561 coxarumque
1927 1507 2114 1547 interme-

507 1574 662 1615 diarum
692 1575 827 1628 spinas
857 1572 987 1614 affinis
1017 1577 1097 1622 est,
1135 1572 1184 1613 ab
1214 1572 1502 1627 Homalomyia
1530 1572 1667 1623 obesa,
1696 1573 1762 1614 cui
1790 1572 2018 1622 simillima,
2047 1575 2114 1614 vix

506 1641 657 1691 differt,
687 1641 763 1681 nisi
791 1640 924 1681 fronte
954 1640 1189 1694 angustiore
1219 1644 1260 1680 et
1290 1639 1426 1681 colore
1456 1639 1652 1681 dilutiore
1681 1640 1844 1696 pedum.

619 1763 682 1803 70.
716 1763 964 1803 Coenosia
992 1768 1162 1812 vttvea,
1193 1776 1285 1802 nov.
1316 1777 1376 1818 sp.
1406 1766 1461 1816 ἆ.
1486 1785 1534 1791 —-
1557 1762 1705 1810 Nicea,
1736 1768 1925 1804 antennis
1952 1770 2115 1817 praeter

504 1829 632 1870 basim
659 1835 948 1885 nigricantem,
974 1831 1112 1883 palpo‘s
1140 1829 1381 1885 pedibusque
1408 1831 1561 1884 pallide
1581 1831 1882 1881 slavicantibus,
1911 1830 2116 1871 abdomine

504 1898 779 1937 immaculato.
811 1919 860 1925 —
893 1895 1020 1951 Long.
1052 1910 1163 1951 corp.
1199 1897 1246 1949 l}
1271 1896 1354 1947 lin,
1382 1897 1491 1952 long.
1524 1896 1575 1938 al.
1611 1897 1660 1950 Ιὲ
1682 1897 1751 1938 lin.

614 1974 741 2016 Color
770 1976 913 2030 eapitis
955 1979 995 2016 et
1032 1974 1210 2016 thoracis
1241 1974 1464 2029 nigricans,
1501 1976 1571 2016 sed
1603 1980 1789 2016 tomento
1819 1974 2115 2016 confertissimo

503 2042 626 2083 niveo
657 2041 855 2083 obtectus.
916 2041 1133 2082 Abdomen
1173 2046 1362 2091 ovatum,
1398 2042 1559 2091 album,
1590 2042 1782 2083 adversus
1813 2042 1968 2096 apicem
1999 2041 2115 2096 nigri-

504 2123 614 2160 cans,
645 2113 776 2150 totum
808 2108 1216 2163 niveo-poilinosum,
1252 2109 1570 2151 immaculatum.
1632 2110 1847 2150 Antennae
1878 2107 2118 2148 dilutissime

504 2175 765 2226 lutescentes,
796 2175 988 2216 adversus
1018 2176 1139 2215 imam
1171 2175 1296 2216 basim
1320 2176 1577 2231 nigricantes,
1608 2176 1848 2225 mediocres,
1877 2175 1961 2216 seta
1994 2175 2116 2224 tenui,

502 2242 683 2283 breviter
718 2242 965 2298 pubescente
1003 2241 1066 2283 vel
1104 2241 1308 2291 subuudfi,
1349 2243 1540 2284 adversus
1579 2243 1708 2284 basim
1753 2242 1874 2297 paulo
1912 2241 2115 2282 validiore.

503 2308 618 2364 Palpi
657 2308 897 2350 dilutissime
934 2309 1211 2350 flavescentes.
1289 2308 1415 2351 Pedes
1454 2310 1603 2365 pallide
1639 2310 1926 2359 flavescentes,
1964 2315 2116 2355 tenues,

503 2376 621 2417 tarsis
657 2375 893 2430 gracilibus,
930 2376 1125 2417 adversus
1164 2376 1318 2432 apicem
1347 2377 1658 2428 subinsuscatis‚
1697 2376 1873 2417 articulo
1912 2374 2114 2418 terminali

504 2443 769 2498 nigro-fusco,
799 2442 978 2498 pulvillis
1009 2443 1252 2499 majusculis.
1312 2442 1491 2499 Tegulae
1524 2444 1651 2485 albae.
1711 2443 1811 2484 Alae
1842 2442 2116 2495 cinereo-hya-

503 2509 622 2551 linae..
652 2532 704 2539 —
736 2508 1077 2565 (Pennsylvania3
1108 2508 1455 2563 Osten-Sacken.)

616 2634 681 2675 71.
712 2634 961 2673 Coenosia
990 2635 1266 2688 calopyga,
1298 2647 1391 2674 now
1413 2648 1473 2689 sp.
1505 2637 1558 2689 ff.
1589 2657 1641 2664 —-
1675 2634 2020 2681 Amida—cinerea,
2050 2646 2116 2670 an-

503 2706 638 2743 tennis
666 2706 778 2748 totis,
805 2701 941 2753 pulpis
969 2700 1212 2756 pedibusque
1243 2702 1369 2741 ditate
1384 2701 1536 2755 flavis,
1566 2701 1780 2742 abdomine
1808 2707 1951 2749 ovato,
1980 2700 2117 2740 adver-

503 2784 574 2809 sus
604 2769 730 2808 basim
759 2767 960 2808 albicante
990 2774 1025 2807 et
1057 2767 1342 2821 subpetlucido‚
1370 2776 1535 2821 praeter
1563 2774 1710 2809 vittam
1730 2776 1766 2808 et
1786 2769 2039 2808 macularum
2059 2780 2118 2805 so-

503 2838 672 2877 litarum
708 2836 833 2874 series
870 2840 912 2874 in
948 2839 1169 2889 segmentis
1206 2837 1329 2875 tertio
1366 2843 1402 2876 et
1441 2843 1589 2891 quarto
1618 2841 1809 2892 utrinque
1838 2836 1999 2875 macuta
2024 2847 2115 2884 per-

502 2902 657 2958 magna
684 2903 943 2957 piceo-nigra
972 2909 1132 2942 ornato.
1168 2925 1215 2931 —
1248 2900 1376 2957 Long.
1399 2917 1508 2959 corp.
1534 2904 1612 2957 lfa
1635 2903 1721 2955 lin.,
1752 2904 1863 2957 long.
1885 2902 1933 2942 al.
1959 2902 2003 2953 1}
2030 2901 2097 2939 liu.

615 2978 740 3020 Color
769 2980 910 3034 capitis
942 2980 1144 3033 nigricans
1174 2981 1328 3035 poliine
1358 2981 1448 3022 albo
1468 2983 1510 3022 in
1531 2982 1893 3023 :iibido-cinereum
1920 2982 2117 3026 mutatur3

504 3046 635 3088 orbita
665 3060 792 3101 prope
823 3051 1018 3088 antennas
1047 3047 1288 3103 plerumque
1319 3050 1513 3101 flavescit,
1547 3064 1684 3102 margo
1705 3050 1862 3088 anticus
1894 3046 2036 3086 frontis
2058 3045 2116 3084 in-
