2536 3568
588 272 643 313 6²
1112 262 1115 266 ⁴
1156 272 1210 312 11.
1243 273 1378 312 Low:
1414 270 1592 324 Diptem

699 383 978 437 &emplum-ae
1018 387 1195 424 vittatae
1233 380 1354 437 Meig.
1400 382 1602 437 proxima.
1673 378 1810 435 Caput
1853 383 1989 422 totum
2031 380 2202 437 nigrum.

589 450 706 507 Palpi
734 450 839 493 laete
868 450 982 501 lutei,
1010 449 1186 492 articulo
1215 449 1420 490 terminali
1450 449 1581 491 fusco.
1641 449 1860 490 Antennae
1893 447 2016 489 radiis
2045 447 2202 490 modice

587 518 719 574 longis
747 522 789 561 et
815 515 1127 571 subaequalibus
1148 515 1438 571 quadrifariam
1458 516 1701 572 pectinatae.
1759 514 1882 570 Scapi
1912 514 2107 556 articulus
2125 516 2201 570 pri·

587 600 678 627 mus
706 585 834 640 niger,
862 583 1064 626 secundus
1101 583 1261 632 luteus,
1296 583 1487 625 adversus
1518 583 1649 625 basim
1678 581 1974 637 nigro-iuscus3
2009 581 2202 624 articulus

588 653 740 709 primus
768 650 918 705 flagelli
946 650 1103 700 luteus;
1132 650 1233 691 infra
1266 664 1393 705 prope
1423 650 1550 692 basim
1582 648 1678 690 lobo
1698 649 1939 704 majusculo,
1968 661 2094 704 prope
2121 650 2202 705 api-

587 733 674 762 cem
704 717 827 761 radiis
856 717 1015 761 duobus
1044 717 1321 767 brevioribus,
1349 717 1422 759 illo
1452 722 1493 759 et
1523 717 1587 759 bis
1617 717 1811 758 adversus
1847 717 2007 772 apicem
2034 717 2201 759 infusca-

586 787 638 828 tis
665 786 910 836 instructum
944 784 1091 838 reliqui
1129 784 1275 840 flagelli
1312 784 1475 826 articuli
1515 784 1781 839 fusco-nigri.
1848 782 2012 825 Collare
2046 788 2203 838 praeter

586 852 712 894 latera
749 852 864 906 nigra
903 851 1009 894 laete
1044 850 1221 901 luteum3
1262 850 1441 893 thoracis
1480 852 1646 892 dorsum
1676 850 1833 899 rufum,
1868 849 1976 891 callo
2006 850 2200 891 humerali

585 919 714 968 luteo,
744 919 993 973 marginibus
1022 918 1260 960 lateralibus
1288 923 1331 960 et
1361 918 1517 960 macula
1547 919 1749 973 oblonga,
1787 918 1836 958 ab
1869 917 2044 959 incisura
2077 930 2201 970 usque

585 986 636 1029 ad
666 987 889 1040 marginem
909 987 1112 1042 posticum
1133 986 1364 1041 pertinente
1385 986 1520 1041 nigris.
1581 985 1810 1027 Scutellum
1841 986 2016 1040 nigrum,
2045 984 2201 1039 angulis

585 1052 819 1096 lateralibus
849 1053 981 1095 luteis.
1042 1052 1213 1096 Pleurae
1242 1058 1403 1108 praeter
1432 1054 1576 1095 vittam
1605 1053 1758 1094 luteam
1789 1057 1830 1094 et
1859 1057 2113 1093 metanotum
2144 1057 2200 1092 to-

586 1126 674 1163 tum
704 1121 829 1175 nigra.
889 1120 1104 1162 Abdomen
1136 1121 1294 1172 rufum,
1330 1121 1436 1162 vitta
1470 1121 1629 1175 integra
1658 1120 1796 1175 nigra,
1826 1120 1868 1161 in
1897 1124 2200 1174 segmentorum

585 1186 839 1242 singulorum
868 1188 1049 1241 margine
1080 1188 1239 1243 postico
1271 1186 1391 1228 valde
1420 1187 1587 1228 dilatata
1619 1187 1798 1242 pictum;
1828 1191 1972 1228 venter
1995 1185 2201 1234 concolor,

585 1259 890 1311 segmentorum
925 1253 1180 1307 singulorum
1218 1252 1467 1310 marginibus
1502 1254 1673 1310 posticis
1709 1254 1836 1295 flavis.
1907 1252 2201 1308 Hypopygium

585 1321 773 1365 similiter
809 1324 932 1375 atque
966 1321 1008 1361 in
1040 1322 1301 1374 Gtmophord
1330 1325 1482 1361 vacam
1509 1325 1815 1370 constructum,
1847 1320 2006 1370 rusum,
2035 1319 2203 1360 lamellis

586 1386 824 1430 lateralibus
855 1386 1086 1442 majusculis
1119 1386 1365 1437 luteo-rufis,
1396 1386 1555 1428 tamena
1578 1389 1724 1443 supera
1745 1388 1873 1437 fusca,
1902 1387 2107 1443 profunde
2135 1400 2202 1427 ex-

586 1456 692 1504 cisa,
728 1455 783 1494 ita
822 1457 868 1493 ut
902 1452 1094 1508 utrinque
1132 1455 1173 1495 in
1204 1454 1369 1496 dentem
1404 1467 1681 1510 compressum
1711 1454 1911 1510 producta
1948 1454 2016 1495 sit.
2076 1453 2201 1495 Pedes

587 1536 638 1563 ex
668 1521 778 1561 luteo
807 1519 901 1570 ruti,
928 1520 1129 1572 femorum
1163 1522 1438 1575 tibiarumque
1467 1522 1582 1576 apice
1612 1522 1813 1576 tersisque
1841 1521 2114 1563 anterioribus
2144 1521 2198 1560 ni·

585 1588 682 1645 gris,
709 1586 842 1643 primo
872 1585 1015 1627 horum
1046 1586 1219 1628 articulo
1250 1588 1378 1628 basim
1408 1601 1548 1628 versus
1577 1586 1715 1637 fusco,
1747 1588 1867 1629 tarsis
1896 1587 2066 1643 posticis
2094 1587 2199 1628 laete

586 1653 801 1703 vitellinis,
840 1652 936 1693 inde
971 1653 1022 1694 ab
1062 1654 1225 1694 articuli
1267 1655 1374 1695 tertii
1404 1655 1520 1709 apice
1555 1655 1702 1708 nigris3
1740 1655 1894 1696 femora
1933 1656 2090 1710 postica
2121 1667 2198 1694 non

585 1722 817 1763 incrassata.
876 1718 1061 1761 Halteres
1090 1720 1205 1763 lutei.
1265 1720 1367 1763 Alae
1398 1726 1606 1776 augustae,
1638 1736 1690 1763 ex
1713 1722 1828 1764 luteo
1847 1721 2075 1772 subfuscae,
2103 1723 2201 1776 stig-

587 1794 695 1831 mate
725 1800 851 1843 parvo
881 1787 1009 1828 fusco.
1040 1810 1090 1819 -
1120 1787 1395 1842 (Calit'ornia.)

698 1902 736 1943 4.
767 1898 1116 1954 Odontomyia
1143 1905 1379 1951 arcuata,
1421 1913 1512 1941 nov.
1543 1914 1612 1955 sp,>
1635 1905 1682 1956 ῼ.
1720 1923 1772 1929 -
1816 1900 2105 1952 Vertat-stava,
2135 1916 2200 1941 oc·

586 1969 710 2019 cipite
743 1972 909 2021 praeter
943 1966 1141 2016 orbitam,
1176 1971 1347 2016 vertice,
1374 1968 1542 2020 frantia
1562 1969 1715 2023 fascia
1750 1970 1979 2024 inaequali,
2014 1973 2203 2009 antennis

584 2040 749 2090 praeter
780 2033 923 2082 basim,
955 2035 1136 2074 thoracis
1164 2034 1289 2074 dorso
1323 2035 1610 2090 abdomineqae
1638 2040 1797 2091 nigris,
1827 2037 1997 2076 maculis
2027 2037 2202 2076 laterali-

585 2102 658 2143 ὀίω
687 2103 808 2155 liujus
836 2102 883 2142 in
911 2101 1042 2142 medio
1070 2101 1283 2142 abdomine
1299 2101 1402 2156 sere
1429 2102 1667 2143 coeuntibus
1704 2109 1741 2143 et
1779 2110 1919 2144 ventre
1953 2109 2041 2143 loto
2066 2104 2204 2154 slavis5

585 2171 707 2224 pedes
735 2170 855 2219 lutee}
884 2169 1044 2209 alaram
1065 2169 1231 2209 cellulae
1253 2169 1578 2225 submarginales
1598 2171 1715 2220 duae,
1741 2166 1993 2225 posteriores
2017 2177 2201 2226 quatuor.

588 2261 641 2268 —
671 2236 801 2292 Long.
832 2250 943 2291 corp.
974 2237 1026 2290 54
1059 2237 1148 2288 lin„
1179 2236 1289 2291 long.
1317 2236 1369 2279 al.
1400 2238 1583 2291 st—AE}
1613 2237 1683 2280 lin.

697 2314 833 2370 Caput
863 2314 1014 2370 pallide
1041 2315 1207 2365 flavum,
1238 2315 1341 2356 facie
1370 2316 1517 2357 obtusa
1548 2316 1826 2358 immaculata.
1883 2315 2064 2373 Occiput
2094 2330 2204 2373 prae·

588 2387 650 2424 ier
679 2381 852 2422 orbitam
883 2381 1056 2436 nigrum.
1113 2381 1257 2424 Triens
1286 2396 1499 2438 supremus
1528 2383 1678 2424 frontis
1700 2384 1829 2439 niger,
1858 2384 1898 2424 in
1929 2384 2108 2439 margine
2137 2398 2202 2440 po·

586 2450 690 2490 stico
719 2448 905 2490 obsolete
934 2448 1349 2503 luteo-bipunctatus3
1385 2454 1595 2505 praeterea
1626 2451 1667 2491 in
1698 2450 1836 2491 fronte
1866 2450 1988 2492 fascia
2020 2453 2203 2507 inaequa-

587 2517 636 2558 lis
667 2516 804 2571 nigra,
849 2529 872 2556 e
909 2516 1079 2557 maculis
1114 2516 1269 2558 duabus
1305 2518 1460 2571 maguis
1488 2521 1531 2559 et
1569 2518 1787 2572 interjecta.
1821 2518 1943 2559 litura
1980 2519 2204 2573 composita

588 2582 850 2637 conspicitur.
907 2582 1125 2625 Antennae
1154 2584 1306 2638 nigrae,
1335 2584 1417 2625 basi
1448 2597 1499 2625 ex
1522 2584 1613 2625 rufo
1635 2584 1768 2626 badia.
1828 2584 2023 2626 Thoracis
2044 2585 2205 2626 dorsum

588 2653 749 2706 praeter
775 2647 903 2690 callos
934 2649 1162 2692 humerales
1184 2656 1225 2692 et
1247 2655 1410 2706 praeter
1428 2652 1597 2705 angulos
1616 2653 1795 2708 posticos
1817 2652 1993 2707 nigrum,
2026 2656 2206 2693 tomento

587 2731 725 2767 aureo,
754 2715 947 2758 adversus
976 2715 1106 2759 latera
1136 2716 1388 2759 confertiore
1411 2719 1617 2759 vestitum.
1665 2717 1897 2761 Scutellum
1927 2720 2091 2767 ssavum,
2121 2717 2206 2759 basi

588 2785 717 2842 nigra,
746 2784 938 2827 dentibus
967 2783 1190 2840 apicalibus
1220 2785 1369 2839 parvis,
1397 2786 1785 2840 subapproximatis‚
1814 2786 1973 2841 apicem
1994 2799 2132 2826 versus
2153 2784 2207 2824 ui·

587 2853 680 2908 gris.
740 2851 912 2895 Pleurae
950 2845 1063 2894 totae
1099 2852 1407 2902 immaculatae,
1444 2853 1741 2904 viridi-flavae,
1771 2854 1812 2895 in
1844 2853 1939 2896 viva
1966 2854 2054 2895 sine
2083 2851 2207 2894 dubio

589 2919 750 2961 virides.
809 2918 1025 2961 Abdomen
1058 2933 1237 2974 zs.grum;
1268 2924 1478 2974 segmenta
1498 2921 1736 2968 secundum,
1767 2921 1934 2963 tertium
1957 2925 1999 2962 et
2019 2923 2207 2976 quartum

588 2985 745 3040 singula
777 2986 968 3042 utrinque
998 2985 1159 3027 macula
1190 2986 1391 3041 triangula
1422 2986 1537 3035 flava,
1568 2986 1633 3028 vel
1659 2987 1921 3038 viridi—flava,
1950 2987 2085 3027 antice
2114 2998 2207 3026 con-

589 3053 690 3094 cava
726 3056 768 3094 et
804 3052 954 3107 angulo
991 3057 1114 3094 acuto
1154 3065 1283 3107 usque
1321 3052 1370 3093 ad
1410 3053 1587 3094 medium
1627 3053 1711 3094 sere
1749 3053 1951 3094 abdomen
1983 3053 2211 3107 pertinente
