2648 3632
6 430 128 481 badii,

0 496 129 537 dilute

16 563 129 603 vittis

0 629 30 668 ia
59 642 129 683 po-

0 693 130 735 ›chra-

0 789 12 809 ,
40 760 129 801 sub-

0 842 4 866 ι
31 826 129 867 late-

0 906 130 933 lscum

1 958 130 1000 terali-

0 1030 131 1066 scente

10 1091 131 1132 Setae

0 1172 14 1198 ι
43 1171 131 1198 ver-

0 1224 131 1265 sublu—

2 1290 132 1331 susco-

0 1356 131 1411 irginis

2 1423 132 1464 istitu-

0 1488 133 1530 ¹ieibus

0 2372 134 2413 ittatis.

0 2452 134 2479 versus
190 2439 201 2448 ”

0 2504 133 2545 sterio-

914 323 1132 361 Δωρί-ὄσσε
1161 323 1505 375 septentrionalis.
1957 321 2012 362 25

501 432 685 486 Reliquis
723 432 938 486 speciebus
977 433 1142 472 brevior
1183 437 1223 472 et
1269 433 1496 481 robustior,
1534 430 1810 486 ferrugineus,
1847 444 2011 483 opacus,

393 499 520 540 Frons
556 504 599 541 et
640 499 758 539 facies
796 498 1252 552 ochraceo-pollinosae.
1323 500 1603 539 Antennarum
1643 499 1714 553 pili
1755 500 1879 553 nigri,
1926 499 2012 538 lou-

390 566 521 620 giores
567 570 607 606 el
653 579 820 605 numero
852 565 988 619 plures
1027 579 1147 617 quam
1188 566 1226 603 in
1265 566 1476 619 speciebus
1517 565 1693 617 reliquis.
1754 565 1916 620 Myslax
1955 565 2012 605 ‹li-

391 633 477 673 lute
510 632 714 672 ssavieans.
790 631 902 685 Palpi
932 630 1055 678 badii,
1088 631 1356 685 nigro-pilosi,
1386 644 1505 685 saepe
1537 631 1625 684 pilis
1656 632 1780 685 nigris
1801 636 1842 672 et
1872 631 2011 671 subfu-

390 699 471 740 seis
498 698 606 738 hirti.
665 697 786 738 Setae
808 698 969 738 verticis
992 702 1033 737 et
1062 698 1246 751 occipitis
1278 699 1427 752 nigrae,
1459 700 1497 737 in
1529 698 1714 751 occipilis
1746 698 1915 739 dimidio
1947 700 2007 737 in-

391 765 540 806 feriore
575 777 697 818 saepe
730 765 865 805 fuscae
903 764 966 803 vel
1005 764 1231 804 subsuscae.
1295 762 1488 803 Thoracis
1528 764 1692 803 dorsum
1733 765 1843 804 villis
1885 765 2012 805 lribus

390 830 640 886 imperfectis
662 831 918 885 nigro-fuscis
944 831 1006 870 vel
1032 831 1155 885 nigris
1178 831 1440 884 variegzstum,
1463 830 1594 870 media
1617 831 1739 870 lineis
1762 831 1914 870 duabus
1946 844 2011 885 pa-

392 898 545 939 rallelis
576 903 617 939 et
648 900 802 952 posliee
840 898 956 938 valde
986 897 1234 938 abbreviatis
1265 898 1513 950 composita,
1555 897 1791 937 lateralibus
1822 912 1843 937 e
1881 911 2013 937 macu-

394 965 444 1005 lis
474 965 578 1005 binis
610 964 829 1004 intervallo
872 964 955 1004 lato
993 964 1190 1018 separatis
1227 963 1521 1004 constantibus.
1580 962 1658 1002 Pili
1691 964 1866 1003 thoracis
1898 964 2015 1017 nigri,

395 1032 436 1070 in
469 1031 722 1085 prothoracis
755 1031 947 1071 lateribus
985 1043 1108 1084 saepe
1144 1029 1323 1069 subfusci
1356 1029 1421 1069 vel
1451 1029 1612 1083 pallidi3
1647 1035 1758 1070 selae
1788 1044 1929 1070 omnes
1960 1031 2015 1070 ni-

398 1109 505 1152 grae.
562 1096 691 1137 Color
720 1097 963 1146 abdominis,
995 1096 1235 1151 plerumque
1265 1097 1305 1135 in
1338 1096 1719 1150 ruso-ferrugineum
1753 1110 1933 1148 vergens,
1963 1096 2015 1135 la-

396 1169 485 1203 tera
514 1177 654 1204 versus
684 1163 722 1204 in
755 1164 915 1217 nigrum
948 1167 1150 1209 mutatum
1190 1162 1325 1214 anguli
1359 1163 1502 1216 postici
1532 1167 1831 1217 segmcnlorum
1863 1163 2016 1217 polline

399 1229 529 1270 dilute
559 1228 828 1269 ochraoeenlc
864 1229 927 1269 vel
968 1228 1159 1269 exalbido
1198 1229 1362 1282 aspersi.
1421 1228 1542 1268 Setae
1572 1231 1770 1284 segmenli
1807 1231 1924 1283 primi
1959 1229 2017 1268 ni-

398 1308 512 1350 gram
541 1295 613 1348 pili
645 1294 871 1335 abdominis
893 1295 1050 1343 breves,
1081 1296 1198 1349 nigri,
1229 1296 1268 1334 in
1290 1295 1406 1348 apice
1426 1295 1651 1335 abdominis
1671 1296 1871 1336 foeminae
1896 1309 2017 1349 saepe

399 1361 554 1414 vulpini
587 1361 652 1402 vel
683 1361 994 1402 rufo-ochracei.
1055 1360 1351 1414 Hypopygium
1372 1360 1645 1413 ferrugineum
1667 1362 1731 1402 vel
1753 1362 1925 1415 piceum,
1956 1363 2012 1402 ni-

400 1427 680 1483 gro-pilosum.
737 1426 878 1468 Coxae
913 1427 1192 1481 serrugffleae,
1231 1426 1321 1480 pilis
1357 1427 1535 1479 setisque
1574 1427 1774 1480 plerisque
1803 1427 2017 1477 subl‘uscis‚

399 1493 567 1546 reliquis
596 1494 735 1547 nigris,
765 1494 893 1534 rarius
924 1494 1114 1533 omnibus
1145 1494 1279 1547 nigris.
1342 1491 1467 1532 Pedes
1489 1492 1587 1532 fusci
1610 1494 1674 1533 vel
1697 1494 1816 1542 badii„
1848 1495 2019 1548 genibus

400 1566 686 1613 tarsorumque
715 1559 799 1599 basi
830 1561 1040 1608 testaceis,
1069 1560 1166 1600 setis
1205 1560 1392 1599 omnibus
1422 1558 1560 1612 nigris.
1619 1559 1718 1599 Alae
1748 1574 1799 1600 ex
1827 1561 2019 1601 subfusco

403 1625 608 1679 hyalinae‚
639 1625 830 1666 adversus
859 1626 1015 1680 apicem
1045 1631 1084 1666 el
1107 1626 1330 1680 marginem
1354 1626 1557 1680 posticum
1588 1625 1668 1666 lale
1687 1626 2019 1674 fusco-cinereae,

404 1691 553 1732 cellula
581 1691 688 1731 anali
717 1697 758 1732 el:
787 1692 937 1746 angulo
969 1693 1129 1746 postico
1161 1692 1268 1745 pube
1308 1693 1597 1746 mieroseopica
1639 1707 1720 1732 non
1759 1693 1876 1747 plane
1907 1694 2019 1734 disti-

404 1759 470 1798 lis.
499 1780 547 1786 --
582 1756 867 1809 (Nevv-York3
898 1757 1225 1798 Osten-Sacken.
1257 1781 1309 1788 ·—
1343 1757 1531 1809 lllinois.)

459 1823 598 1864 Nota.
659 1822 695 1863 A
724 1824 931 1878 speciebus
962 1824 1303 1878 praecedentibus
1335 1826 1524 1864 omnibus
1560 1825 1743 1880 corporis
1772 1825 1927 1865 statura
1957 1840 2019 1866 ro-

516 1889 696 1929 busliore
716 1895 757 1930 ct
777 1890 915 1930 color}
935 1890 1106 1930 obscure
1129 1889 1373 1944 ferrugineo,
1395 1890 1442 1929 ab
1465 1890 1652 1931 omnibus
1674 1896 1834 1946 praeter
1849 1892 2019 1947 Blogm.

513 1957 789 2010 platypteram
819 1957 909 2010 pilis
938 1958 1118 2009 setisque
1149 1970 1349 1997 coxarum
1389 1958 1451 1997 vel
1481 1971 1532 1997 ex
1565 1963 1699 2010 parte,
1738 1959 1800 2000 vel
1831 1958 2021 1998 omnibus

517 2023 643 2077 nigris
674 2023 819 2063 differt.

519 2146 586 2186 44.
620 2146 980 2199 Microstylum
1007 2148 1332 2202 galactodes,
1364 2160 1457 2186 nov.
1488 2160 1547 2201 sp.
1593 2144 1634 2191 0⁷¹
1665 2151 1703 2187 el
1735 2145 1779 2190 Ω.
1838 2146 2023 2202 Nigrum

410 2214 469 2251 vel
496 2217 816 2267 nigro-piceum,
846 2214 986 2253 leviter
1010 2213 1374 2266 albo-pollirzosum‚
1403 2215 1480 2253 alis
1501 2213 1845 2267 ιιΙόἱάο-Ιιῃαὶὶηἰε,
1875 2216 2024 2254 lumine

410 2281 654 2319 ziransmisso
681 2285 846 2332 praeter·
874 2282 1082 2335 margines
1113 2287 1149 2319 e!
1181 2286 1336 2332 apicem
1358 2281 1513 2330 lacteis,
1542 2286 1639 2319 selis
1661 2282 1900 2334 mystaeinis
1922 2296 2022 2336 qua-

410 2352 504 2385 tuor
530 2351 683 2401 nigris.
714 2371 766 2375 —
796 2344 925 2400 Long.
955 2360 1066 2401 corp.
1102 2346 1380 2396 l5m-161in.‚
1414 2346 1541 2400 Long.
1572 2347 1620 2385 al.
1657 2348 2003 2400 ΙθῑζΣ-ΙΙὲΙίη.

518 2422 688 2477 Nigrum
722 2421 783 2462 vel
815 2423 1128 2476 nigro-piceum,
1170 2422 1324 2476 polline
1355 2422 1444 2462 albo
1476 2423 1622 2463 leviler
1651 2436 1876 2477 aspersum„
1905 2424 2023 2464 faciei

365 2496 373 2506 ¹
412 2488 569 2530 modica
599 2489 706 2528 laiac
733 2488 1049 2542 pleurarumque
1079 2488 1232 2541 polline
1253 2488 1513 2537 confertim-e,
1544 2490 1760 2542 segmentis
1789 2489 2024 2529 abdomina-

410 2555 513 2596 libus
541 2555 695 2595 ultimis
725 2558 901 2607 quatuor
931 2553 1131 2595 foeminae
1160 2558 1201 2593 et
1231 2558 1373 2593 venire
1403 2555 1614 2609 utriusque
1643 2569 1764 2595 sexus
1784 2556 1938 2610 polline
1959 2557 2024 2596 dc-

413 2621 577 2671 stitu’tis⁷
608 2620 756 2661 nitidis.
816 2619 892 2660 Pili
924 2622 1051 2660 lolius
1082 2620 1265 2674 corporis
1296 2619 1534 2674 perbreves2
1566 2622 1694 2675 nigri3
1733 2627 1841 2662 selae
1871 2623 2024 2663 medio-

415 2701 514 2737 cres,
543 2686 792 2728 concolores.
851 2685 973 2727 Setae
1004 2686 1254 2739 mystacinae
1275 2692 1449 2740 qualuor
1478 2688 1647 2736 validae,
1679 2690 1826 2741 nigrae.
1885 2689 2025 2743 Hypo-

415 2754 575 2808 pygium
605 2754 725 2794 maris
755 2753 931 2801 badium,
963 2753 1142 2793 breviter
1173 2753 1491 2807 nigro-pilosum.
1568 2754 1693 2795 Pedes
1723 2755 1937 2810 simplices,
1966 2757 2024 2796 ni-

416 2821 639 2874 gro-picei,
668 2820 823 2874 polline
852 2818 965 2858 nullo
996 2819 1159 2872 aspersi.
1222 2818 1405 2860 Halteres
1436 2821 1720 2875 nigro—piceiff¹
1752 2823 1930 2876 capilulo
1960 2836 2023 2861 su-

415 2899 538 2939 perne
566 2886 731 2927 sordide
760 2886 886 2926 luteo.
945 2884 1047 2925 Alae
1078 2884 1438 2940 albido-byalinae,
1468 2887 1620 2928 lumine
1652 2889 1882 2928 transmisso
1912 2902 2024 2942 prae·

417 2955 477 2992 ter
505 2953 696 3007 marginis
725 2952 850 2992 aulici
878 2950 1094 2991 dimidium
1124 2952 1296 3007 apicale‚
1326 2957 1486 3007 praeter
1506 2956 1698 2995 trientem
1720 2954 1913 3007 apiealein
1937 2955 2025 2996 alae

418 3022 457 3058 et
484 3022 648 3073 praeter
674 3017 843 3059 limbum
871 3017 1111 3059 latissimum
1140 3019 1332 3073 marginis
1363 3020 1510 3074 postici
1539 3020 1702 3069 lacteae,
1732 3020 1869 3061 colore
1888 3026 2024 3063 tamen

418 3082 549 3125 lacteo
577 3086 620 3125 in
651 3084 723 3126 alis
752 3083 952 3126 foeminae
981 3085 1113 3127 minus
1142 3085 1224 3127 late
1253 3086 1402 3128 diffuso
1423 3099 1545 3139 quam
1575 3087 1614 3127 in
1645 3087 1718 3127 alis
1748 3088 1868 3128 maris
1897 3093 1937 3129 et
1967 3088 2024 3128 in-
