2616 3616
712 303 769 347 32
1291 307 1347 349 ΙΙ.
1376 309 1518 350 bom.-
1548 309 1731 365 Dtptero

712 414 847 460 media
876 415 979 458 infra
1006 420 1168 472 praeter
1196 416 1354 472 apicem
1385 421 1428 459 et
1456 418 1497 459 in
1526 418 1665 461 medio
1693 418 1822 462 latere
1857 420 1997 463 antico
2023 405 2153 476 spinis
2181 433 2325 480 conge-

713 482 786 525 stis
813 482 940 538 nigris
967 482 1149 524 horrent.
1206 481 1331 524 Setae
1358 482 1509 538 pedum
1538 484 1761 540 pleraeque
1794 485 2030 539 ochraceae,
2058 485 2241 541 reliquae
2268 490 2325 531 ni-

713 562 828 606 graef,
868 547 941 603 pili
976 549 1140 600 breves,
1184 549 1362 590 maxima
1400 563 1453 591 ex
1490 554 1606 605 parte
1642 550 1852 602 ochracei,
1893 552 2085 594 adversus
2127 552 2327 597 femorum

713 615 897 658 omnium
925 613 1196 669 tibiarumque
1224 612 1477 671 ponticarum
1504 617 1663 672 apicem
1701 621 1744 658 et
1780 618 1821 658 in
1851 618 1995 673 primis
2024 622 2227 662 tarsorum
2255 634 2326 677 po·

712 683 908 724 eticorum
937 680 1119 722 articulis
1148 682 1325 723 maxima
1355 696 1408 724 ex
1437 687 1553 739 parte
1581 683 1698 738 nigri.
1772 682 1875 725 Alae
1904 684 2185 734 luteo-fuscae,
2213 685 2327 728 dimi·

713 749 781 790 dio
808 747 947 789 antico
976 752 1140 803 praeter
1168 749 1360 790 trientem
1388 748 1583 804 apicalem
1619 748 1746 790 luteo.
1779 772 1832 780 —
1862 749 2021 802 (Gaba,
2048 749 2300 805 Gundlach.)

766 813 909 857 Nota.
966 815 1183 870 Spbogeus
1218 828 1241 855 a
1273 815 1595 870 Bashypogone‚
1637 828 1730 856 cum
1776 827 1860 868 quo
1902 817 2086 872 corporis
2123 816 2254 859 forma
2280 831 2328 860 ac

822 881 955 936 figur&
982 881 1185 936 congruit,
1214 881 1324 922 notis
1353 881 1620 935 sequentibus
1654 880 1875 936 discrepat:
1918 881 1955 922 l.
1994 881 2099 924 facie
2128 884 2326 934 convexa,

771 950 777 960 ’
821 946 895 990 sed
925 960 1009 987 non
1038 946 1316 996 tuberculatQ
1343 948 1382 987 2.
1415 947 1537 989 tertio
1566 951 1840 989 antennarum
1873 947 2049 989 articulo
2078 947 2212 989 multo
2239 948 2327 991 lon-

823 1013 940 1069 giore
967 1017 1008 1054 et
1037 1012 1150 1066 stylo
1180 1012 1324 1068 apicali
1355 1013 1564 1065 obsoleto,
1600 1012 1640 1054 3.
1671 1013 1908 1055 cellularum
1948 1014 2221 1069 posteriorum
2250 1019 2327 1057 ter-

824 1079 882 1122 tia
911 1079 1043 1120 minus
1072 1078 1263 1130 dilatata,
1300 1094 1384 1121 non
1413 1081 1490 1134 jam
1520 1079 1643 1135 longe
1671 1084 1768 1121 ante
1796 1080 2020 1135 marginem
2049 1079 2161 1131 alae,
2188 1080 2258 1122 sed
2285 1082 2327 1123 in

822 1145 1004 1201 margine
1031 1144 1121 1200 ipso
1158 1144 1294 1187 clausa
1330 1159 1606 1202 venarumque
1642 1145 2003 1201 longitudinalium
2038 1145 2155 1188 nulla
2189 1145 2327 1189 abbre-

824 1212 951 1263 viata;
980 1213 1018 1252 4.
1047 1211 1176 1266 spinis
1206 1211 1350 1253 validis
1377 1212 1578 1254 femorum
1599 1213 1856 1254 anteriorum
1878 1212 1921 1253 in
1951 1224 2066 1254 areas
2094 1213 2308 1268 congestis.

824 1333 892 1376 56.
920 1332 1209 1374 Deceleam
1234 1334 1477 1388 simplex,
1505 1348 1602 1376 nov.
1633 1302 1694 1390 sp.
1739 1332 1786 1379 Ω.
1843 1332 1996 1390 Niger,
2023 1338 2175 1385 nitens,
2202 1334 2327 1376 luteo·

715 1403 862 1452 hirtus,
891 1404 1081 1454 occipitia
1108 1399 1316 1450 laser-ibus,
1331 1400 1501 1456 fronte,
1527 1405 1679 1455 primis
1695 1399 1851 1441 duobus
1877 1406 2153 1442 antennarum
2179 1406 2328 1443 micia-

715 1470 768 1510 lis
792 1468 1007 1523 palpisque
1041 1467 1371 1522 nigro-pilosis,
1407 1468 1487 1508 ulis
1515 1471 1702 1508 einer-eis.
1740 1488 1791 1496 —
1829 1465 1961 1523 Long.
1989 1479 2103 1524 corp.
2132 1466 2217 1521 61¹3-
2243 1467 2328 1520 lin.,

717 1532 849 1590 Long.
878 1532 930 1575 al.
961 1533 985 1573 4
1016 1531 1087 1572 lin.

824 1610 956 1652 Totus
983 1610 1111 1665 niger,
1140 1610 1287 1661 nitens,
1313 1609 1408 1665 pilis
1436 1610 1629 1652 confertis
1656 1609 1780 1652 luteis
1809 1609 1996 1651 vestitus.
2051 1609 2193 1652 Facies
2217 1623 2331 1666 prae·
2394 1608 2397 1613 '

717 1683 782 1720 ter
808 1676 1070 1719 tuberculum
1100 1680 1143 1717 et
1171 1675 1327 1717 orbitae
1355 1677 1592 1732 occipitales
1611 1674 1991 1732 luteo-pollinosae3
2018 1675 2130 1717 frons
2158 1688 2251 1718 cum
2270 1680 2329 1718 tu-

715 1743 883 1787 berculo
911 1746 1109 1784 antennas
1138 1742 1296 1784 serente
1325 1741 1552 1796 harumque
1587 1742 1749 1783 articuli
1787 1742 1909 1797 primi
1940 1741 2023 1782 duo
2052 1742 2328 1798 nigro-pilosi,

716 1814 883 1865 mystax
912 1809 1060 1858 luteus,
1090 1808 1408 1864 pilissupremis
1437 1813 1477 1850 et
1506 1808 1745 1850 lateralibus
1775 1807 1934 1862 aliquot
1963 1807 2109 1863 nigris,
2140 1808 2250 1864 palpi
2270 1809 2327 1851 ni-

715 1878 791 1933 gri,
820 1875 1095 1932 nigro-pilosi;
1125 1875 1290 1930 occiput
1319 1874 1671 1930 luteo-pilosum,
1701 1874 1899 1916 lateribus
1926 1878 2064 1915 tamen
2094 1874 2330 1931 nigro-pilo·

715 1945 780 1986 sis.
837 1942 1060 1984 Extremus
1089 1941 1317 1983 abdominis
1344 1955 1454 1997 apex
1481 1945 1647 1996 praeter
1672 1940 1807 1983 luteos
1826 1939 1920 1995 pilis
1949 1939 2106 1995 aliquot
2126 1941 2252 1998 nigris
2273 1942 2329 1983 in·

714 2014 908 2054 structus.
967 2007 1098 2050 Pedes
1125 2008 1204 2049 toti
1237 2009 1351 2063 nigri,
1380 2007 1656 2064 luteo-pilosi,
1691 2007 1789 2049 setis
1817 2006 2008 2048 tenuibus
2035 2007 2329 2051 concoloribus.

715 2077 817 2120 Alae
845 2076 1044 2126 cinereae,
1073 2074 1230 2116 cellulis
1260 2075 1383 2116 basali
1411 2073 1590 2117 secunda
1621 2078 1663 2115 et
1682 2072 1786 2115 anali
1807 2072 2039 2127 anguloque
2058 2074 2221 2129 postico
2244 2074 2330 2116 alae

717 2147 878 2198 praeter
906 2142 1076 2198 apicem,
1107 2140 1337 2196 cellulaque
1365 2141 1542 2196 denique
1572 2139 1783 2182 discoidali
1812 2139 2126 2195 limpidioribus.
2155 2165 2210 2173 —
2237 2140 2330 2194 (Ca-

716 2208 902 2261 lifornia3
929 2207 1133 2264 Agassiz.)

770 2275 914 2319 Nota.
968 2275 1270 2315 Dicolonorum
1298 2287 1447 2330 corpus
1474 2272 1694 2315 confertim
1728 2271 1930 2329 pilosum,
1974 2273 2072 2316 setis
2114 2273 2256 2329 paucis
2290 2278 2331 2316 et

825 2355 948 2398 quam
977 2341 1049 2398 pili
1070 2341 1143 2382 vix
1164 2339 1429 2381 validioribus
1448 2340 1708 2388 instructum,
1737 2339 1870 2381 forma
1888 2353 1937 2382 ac
1956 2339 2086 2397 figura
2105 2341 2330 2395 Lapat-ium

826 2408 1003 2451 simulat.
1061 2407 1196 2464 Caput
1224 2420 1409 2463 parvum,
1438 2406 1606 2448 thorace
1635 2405 1769 2447 minus
1796 2405 1942 2459 latum,
1970 2407 2090 2449 faciei
2118 2405 2330 2449 tuberculo

827 2480 873 2519 et
900 2475 1045 2518 frontis
1076 2474 1259 2530 margine
1287 2474 1438 2524 antico,
1467 2462 1665 2514 antennas
1692 2471 1864 2522 terente,
1893 2473 2115 2525 convexis;
2143 2477 2331 2516 antenna-

827 2556 920 2584 rum
948 2541 1139 2583 articulus
1167 2541 1321 2596 primus
1350 2539 1510 2595 longus,
1542 2538 1746 2581 secundus
1775 2539 2008 2592 mediocris,
2034 2539 2184 2583 tertius
2211 2539 2331 2583 subli-

828 2609 985 2660 nearis,
1020 2607 1162 2662 primis
1191 2606 1348 2648 duobus
1376 2605 1496 2647 simul
1524 2606 1670 2648 sumtis
1698 2605 1901 2659 aequalis,
1936 2606 1980 2647 in
2009 2606 2192 2662 margine
2218 2620 2331 2663 supe-

825 2675 936 2717 riore
962 2674 1048 2730 pilo
1080 2687 1163 2714 uno
1191 2672 1372 2715 alterove
1399 2673 1644 2723 instructus,
1670 2671 1806 2725 stylus
1825 2671 2050 2714 terminalis
2068 2677 2332 2715 antennarum

830 2741 978 2791 brevis,
1005 2739 1278 2782 crassissimus
1306 2743 1348 2781 et
1366 2739 1663 2781 obtusissimus.
1720 2737 1849 2781 Pedes
1866 2738 2108 2792 mediocres,
2136 2740 2248 2783 tibiis
2265 2753 2330 2782 an·

776 2838 782 2845 .
830 2807 1009 2850 ticorum
1037 2820 1121 2848 non
1150 2805 1382 2858 calcaratis,
1410 2803 1862 2859 femoribustibiisqne
1888 2806 2145 2861 poeticorum
2176 2806 2331 2848 modice

828 2872 1013 2924 clavatis,
1040 2876 1245 2914 tarsorum
1263 2870 1444 2914 articulis
1463 2871 1654 2914 omnibus
1672 2871 1882 2924 brevibus,
1911 2871 2185 2928 subglobosis.
2239 2870 2330 2915 Aln-

829 2954 923 2982 rum
959 2938 1133 2982 cellulae
1167 2938 1418 2995 posteriores
1453 2931 1600 2982 omnes'
1622 2943 1814 2995 apertae,
1849 2939 1982 2995 prima
2010 2939 2170 2997 apicem
2197 2951 2331 2984 versus

830 3010 1061 3063 angustata,
1087 3005 1212 3048 tertia
1238 3018 1322 3047 non
1349 3004 1542 3058 dilatata
1568 3018 1674 3049 vena
1690 3005 1976 3049 transversalis
2002 3006 2137 3051 media
2164 3004 2331 3050 cellulae

832 3072 1064 3116 diseoidalis
1092 3071 1176 3115 basi
1211 3071 1508 3128 approximata.

2554 2319 2616 2361 obi

2555 2387 2604 2427 tis

2553 2452 2616 2494 cul

2551 2519 2616 2561 inst

2551 2652 2615 2708 gio

2551 2731 2616 2773 qut

2550 2782 2616 2827 Th<

2549 2916 2616 2961 bns

2549 2983 2616 3027 tho

2549 3049 2616 3092 dor

2547 3118 2616 3160 teri
