2472 3600
2 381 189 435 humeris,

0 447 100 499 iliu,
133 465 189 493 ιο.

0 517 190 559 nemtebm

0 615 1 622 ,
33 581 87 635 23
109 583 188 634 tin„

0 727 52 755 us.
111 714 189 758 Hu-

0 800 2 820 ι
31 780 188 837 singula

0 847 102 888 mbis
129 863 186 890 se-

4 913 87 954 ium
108 929 186 956 mo-

1 993 26 1021 o
56 982 187 1035 primo

0 1061 28 1086 n
51 1048 186 1102 nigris,

0 1112 185 1156 dilatatis.

0 1193 186 1236 gro-mar-

0 1247 103 1288 iibus
130 1249 185 1289 ni·

0 1440 185 1489 ignentia

0 1503 186 1542 remorum

0 1572 49 1619 ie,
77 1573 185 1610 venie

0 1635 107 1677 iidie.
132 1657 185 1666 —

16 1792 50 1819 s.
108 1777 185 1820 Hu-

31 1845 185 1900 singula

28 1916 186 1967 praeter

11 1999 19 2014 ι
51 1982 184 2020 tamen

14 2060 33 2087 s
54 2045 185 2101 piceo-

31 2141 41 2160 ,
84 2111 184 2152 insrfl

31 2178 184 2233 apicem

14 2246 182 2300 ginatae.

23 2325 73 2352 ne
102 2311 184 2352 bre-

31 2378 184 2426 validis,

25 2568 90 2608 eto
117 2568 184 2608 ab·

40 2650 90 2681 is,
116 2649 183 2687 pe-

31 2716 97 2755 ng.
134 2700 183 2741 al.

31 2847 77 2897 is,
107 2844 185 2900 pal-

31 2913 186 2968 agdino

50 2992 184 3020 rarum

41 3045 184 3087 tellum

922 302 1138 343 Amerinus
1166 304 1510 356 septentrionalis.
1970 303 2021 345 61

408 411 451 453 in
485 409 939 467 violaceo-purpureum
970 418 1177 469 vergente.
1232 412 1405 456 Scutelii
1435 419 1476 456 et
1505 413 1732 456 abdominis
1761 413 1878 456 color
1906 413 2027 455 viola·

409 490 731 535 ceo-purpureus
762 479 921 521 modice
952 480 1097 530 nitens,
1127 480 1280 522 ventris
1310 494 1361 522 ex
1392 480 1596 536 chalybeo
1617 481 1759 523 viridis
1784 485 1824 523 et
1844 481 2026 522 nitidior.

411 542 538 586 Pedes
567 545 694 601 nigri,
731 545 955 588 femoribus
987 547 1026 588 in
1056 548 1196 603 apice,
1232 548 1344 589 tibiis
1373 548 1414 588 in
1448 549 1532 590 basi
1563 547 1643 590 late
1673 552 1715 590 et
1743 561 1918 603 superne
1946 548 2029 589 fere

411 610 461 652 ad
491 611 647 667 apicem
668 626 797 668 usque
827 612 983 655 albidis.
1040 613 1216 668 Tegulae
1246 614 1422 664 albidae,
1454 614 1627 657 balteres
1647 614 1891 656 dilutissime
1911 615 2029 656 ssave·

410 682 580 719 scentes.
639 678 800 733 Corpus
831 681 922 736 pilis
943 681 1139 722 confertis
1161 680 1467 730 lutescentibus‚
1498 681 1538 722 in
1559 681 1776 723 abdomine
1796 682 2031 732 rarioribus,

412 744 668 786 brevioribus
702 746 1045 802 dilutioribusque
1074 748 1333 789 instructum.
1393 746 1494 789 Alae
1525 746 1735 801 liyalinae,
1773 749 1913 790 colore
1941 747 2031 790 sub-

412 811 526 853 fusco
557 812 799 856 dilutissime
830 814 996 856 tinctae.
1018 837 1070 845 --
1101 813 1362 867 (Catisornia3
1395 813 1440 855 ll.
1472 813 1707 867 Edwards.)

525 936 591 977 ²0.
622 936 799 977 Midas
828 941 1080 991 tenuipes,
1116 950 1211 978 nov.
1239 951 1298 992 sp.
1330 939 1385 991 ἆ.
1406 960 1459 967 -
1490 938 1611 991 Ater,
1637 938 1810 986 nitidus,
1839 938 1940 992 pilis
1968 952 2033 978 co·

411 1003 527 1057 pilis,
555 1004 737 1044 thoracis
756 1009 793 1044 el
813 1009 1014 1059 segmenti
1033 1003 1303 1044 abdominalu‘s
1320 1009 1446 1057 primi
1463 1005 1594 1055 slavis,
1623 1005 1870 1060 hypopygio,
1889 1005 2034 1059 pedum

327 1126 329 1129 .
414 1073 667 1110 anteriorum
700 1070 815 1111 abiis
851 1078 887 1112 et
925 1076 1054 1111 tarsis
1081 1072 1207 1121 rufis,
1237 1076 1489 1124 ponticos-um
1519 1085 1570 1111 ex
1597 1074 1700 1124 ruso
1724 1073 1876 1123 [αεοίος
1913 1072 2036 1111 libiae

413 1141 596 1190 posticae
637 1152 720 1178 non
762 1139 1018 1188 calcar-aean
1061 1138 1151 1178 alae
1192 1142 1469 1193 nigris-amec,
1513 1143 1624 1179 umis
1667 1137 2037 1194 longitudinoltbus

416 1207 566 1258 qiturtd
601 1205 645 1244 in
679 1210 857 1257 primam
894 1211 931 1246 el
969 1206 1084 1246 nialla
1120 1209 1204 1245 nisi
1239 1206 1385 1245 ultima
1413 1210 1456 1246 in
1486 1210 1713 1261 marg-inem
1740 1210 1944 1260 poeticum
1972 1218 2037 1246 ex-

417 1270 684 1312 currentibus.
704 1294 758 1301 —
789 1269 916 1327 Long.
949 1285 1058 1328 corp.
1090 1271 1142 1326 8-1—
1167 1271 1252 1321 tin„
1282 1272 1392 1326 long.
1423 1272 1473 1313 al.
1502 1273 1551 1325 52
1578 1272 1645 1313 lin.

529 1347 666 1402 Niger,
696 1349 844 1392 nitens.
902 1349 1037 1405 Caput
1066 1349 1158 1405 pilis
1188 1350 1334 1390 crectis
1356 1350 1469 1390 flavis
1491 1350 1657 1391 hirtum.
1717 1348 1933 1390 Proboscis
1954 1348 2038 1390 bre-

420 1415 502 1465 vis,
538 1415 694 1457 labellis
724 1430 808 1456 non
839 1416 1080 1458 incrassatis.
1138 1416 1354 1457 Antennae
1384 1416 1631 1465 mediocres,
1669 1416 1828 1471 nigrae,
1856 1416 2039 1458 articulis

420 1482 581 1523 duobus
626 1483 765 1537 primis
802 1482 1103 1538 nigro-pilosis.
1165 1482 1362 1524 Thoracis
1399 1482 1563 1524 dorsum
1601 1482 1875 1538 subopacum,
1914 1484 2040 1523 flavo-

419 1548 610 1605 pilosum,
641 1549 735 1605 pilis
764 1551 805 1590 in
835 1551 1059 1605 specimine
1087 1550 1293 1606 descripto
1312 1553 1475 1604 praeter
1494 1549 1696 1599 humeros,
1729 1550 1847 1591 vittas
1867 1555 2042 1604 quatuor

423 1615 543 1657 valde
578 1615 831 1657 abbreviatas
862 1621 900 1658 et
931 1618 1151 1672 marginem
1182 1617 1383 1673 posticum
1414 1617 1586 1657 detritis.
1645 1615 1818 1658 Pleurae
1847 1616 2041 1657 nitidissi—

428 1695 537 1733 mae,
575 1696 702 1739 prope
738 1696 863 1725 coxas
892 1684 1046 1725 anticas
1075 1688 1115 1724 et
1145 1684 1246 1725 infra
1277 1683 1359 1724 alas
1389 1683 1682 1738 flavo-pilosae.
1710 1693 1714 1698 ¹
1743 1682 1956 1724 Abdomen
1985 1683 2043 1723 ni-

332 1735 336 1802 i
423 1749 579 1797 tidum,
616 1749 798 1803 margine
836 1751 994 1806 postico
1030 1755 1334 1804 segmentorum
1364 1749 1617 1805 singulorum
1646 1751 1923 1804 nigro-piceo,
1959 1763 2044 1803 seg-

429 1821 612 1858 mentum
656 1817 832 1872 primum
880 1817 1103 1858 confertius
1145 1816 1470 1872 ssavo-pilosum,
1511 1821 1719 1871 segmenta
1765 1816 1917 1871 reliqua
1957 1815 2047 1871 pilis

421 1884 527 1925 raris
556 1896 737 1938 aspersa,
772 1884 813 1925 in
845 1883 1073 1925 abdominis
1102 1883 1299 1925 lateribus
1330 1889 1370 1923 et
1400 1885 1439 1925 in
1473 1888 1613 1925 ventre
1642 1884 1817 1923 maxima
1848 1897 1900 1924 ex
1932 1886 2046 1938 parte

427 1950 559 1998 ssavis,
589 1950 630 1990 in
662 1949 822 2005 reliquo
852 1950 1068 1992 abdomine
1097 1950 1301 2005 plerisque
1320 1954 1361 1992 et
1381 1951 1422 1991 in
1445 1950 1599 1991 ultimis
1617 1951 1836 2004 segmentis
1857 1950 2046 1991 omnibus

426 2017 565 2071 nigris.
624 2015 917 2073 Hypopygium
947 2031 999 2058 ex
1020 2016 1141 2057 badio
1163 2018 1312 2067 rufum,
1343 2017 1669 2073 nigro-pilosum.
1731 2016 1898 2057 Femora
1922 2018 2048 2071 nigra,

424 2084 539 2137 apice
575 2083 891 2133 rufo-testaceo,
929 2085 1084 2139 postica
1124 2098 1207 2125 non
1246 2085 1489 2133 incrassata,
1525 2084 1628 2124 infra
1664 2084 1790 2139 spinis
1826 2085 2048 2125 rarioribus

425 2154 595 2191 armata.
653 2148 795 2191 Tibiae
825 2151 1049 2192 anteriores
1077 2163 1170 2191 cum
1201 2152 1318 2192 tarsis
1347 2151 1475 2201 rufae,
1508 2150 1628 2191 tibiae
1659 2151 1839 2205 posticae
1868 2164 1951 2191 non
1974 2150 2048 2192 cal.

427 2222 586 2259 ceratae
621 2222 662 2258 et
691 2217 839 2258 leviter
867 2222 1078 2267 arcuatae,
1115 2217 1364 2259 rufo-fuscae
1394 2217 1457 2258 vel
1488 2217 1648 2265 fuscae,
1685 2216 1766 2256 ima
1797 2216 1880 2257 basi
1912 2221 1953 2257 et
1983 2230 2051 2257 ex-

428 2290 560 2326 tremo
604 2285 719 2339 apice
765 2283 1049 2333 dilutioribusx,
1095 2284 1192 2324 tarsi
1237 2285 1381 2339 postici
1417 2282 1641 2326 fusco-rufi.
1708 2281 1893 2324 Halteres
1934 2283 2050 2337 nigri.

337 2373 342 2389 ;
429 2350 531 2393 Alae
574 2350 845 2405 nigricantes,
888 2349 1013 2391 basim
1058 2364 1195 2391 versus
1234 2350 1470 2399 dilutiores;
1515 2362 1644 2391 venae
1681 2350 1842 2404 nigrae,
1885 2350 1926 2390 in
1965 2350 2050 2391 basi

429 2417 584 2459 alarum
635 2422 859 2465 testaceae,
902 2415 989 2471 ipsa
1035 2420 1170 2457 tamen
1216 2418 1327 2457 costa
1365 2417 1557 2472 exceptiu
1603 2429 1705 2456 vena
1747 2415 2053 2469 longitudinalis

429 2488 574 2539 quarta
604 2484 645 2524 in
678 2497 804 2525 venae
835 2481 1142 2538 longitudinalis
1174 2484 1328 2538 primae
1358 2484 1513 2537 apicem
1536 2483 1733 2529 excurrit,
1766 2483 1819 2523 ita
1842 2488 1886 2523 ut.
1908 2482 2053 2524 cellula

431 2551 637 2607 posterior
671 2551 800 2605 prima
835 2554 929 2590 ante
960 2550 1179 2605 marginem
1212 2550 1297 2590 alae
1327 2550 1460 2590 clausa
1491 2549 1567 2599 sit3
1607 2548 1778 2590 cellulae
1809 2549 2055 2605 posteriores

431 2617 609 2659 secunda
639 2622 681 2658 et
709 2621 855 2670 quarta
886 2617 1113 2662 confluunt,
1144 2616 1199 2656 ita
1232 2620 1275 2656 ut
1306 2621 1469 2671 praeter
1499 2615 1838 2670 longitudinalem
1869 2616 2054 2657 ultimam

433 2697 535 2725 vena
574 2684 685 2724 nulla
723 2684 763 2724 in
802 2682 1025 2738 marginem
1063 2685 1327 2738 posteriorem
1365 2682 1451 2723 alae
1481 2687 1685 2723 excurrat.
1708 2704 1762 2712 -—
1792 2681 2055 2735 (California3

434 2750 484 2794 H.
515 2749 748 2803 Edwards.)

527 2817 582 2859 ‚N
596 2823 678 2859 ota
711 2819 746 2859 l.
789 2817 839 2858 A.
871 2817 998 2856 Mida
1035 2830 1200 2865 venoso,
1238 2816 1303 2856 cui
1334 2815 1487 2865 affinis,
1523 2816 1658 2858 fasciis
1688 2817 1803 2856 ssavis
1831 2815 2056 2856 abdominis

436 2884 571 2935 nullis,
599 2885 673 2926 alis
701 2883 1008 2925 obscurioribus
1038 2888 1077 2924 et
1108 2882 1255 2923 cellula
1284 2884 1513 2938 posteriore
1542 2883 1670 2939 prima
1701 2882 1836 2923 clausa
1865 2881 2057 2923 facillime

437 2951 715 3005 distinguitur.

548 3016 682 3059 Nota
711 3017 750 3059 2.
780 3017 827 3058 Si
860 3018 1061 3058 rationem
1083 3016 1311 3071 probamus,
1341 3017 1419 3071 qua
1446 3016 1591 3056 Midas
1620 3030 1747 3070 genus
1769 3029 1790 3057 a
1811 3017 2058 3070 peritissimo

440 3085 737 3126 Geretaeckero
774 3085 814 3125 in
854 3084 1009 3125 minora
1040 3097 1185 3140 genera
1217 3083 1458 3124 dissolutum
1489 3092 1569 3133 est,
1607 3082 1707 3123 baec
1738 3087 1874 3123 nostra
1905 3083 2060 3138 species
