2616 3568
0 471 37 504 >z
67 470 127 498 se·

4 524 128 580 posti-

0 618 1 626 κ
28 590 130 631 anti-

0 657 60 699 ma
78 670 129 699 ex

0 729 10 767 t
40 722 132 778 pilis

0 789 132 832 ,midio

0 857 47 899 isi
76 855 133 897 di·

20 922 134 964 auxi·

0 1001 134 1031 secun·

5 1056 136 1105 ltilur,

0 1135 136 1167 versae

0 1188 135 1245 anguli

0 1383 139 1434 ivo-pt-

0 1454 56 1488 Ια-
83 1448 141 1487 ἱα-

0 1520 140 1555 lomen-

0 1583 74 1622 tali
102 1586 140 1621 el

0 1752 2 1760 ι
28 1724 147 1766 ssavis

25 1795 147 1832 atuor

6 1856 147 1898 lateri-

13 1952 26 1974 ,
54 1923 149 1979 pilis

9 2007 14 2025 ι
53 1989 151 2031 albi·

5 2055 147 2098 nribus.

10 2124 44 2165 si
66 2123 149 2166 cel·

10 2190 81 2232 dia
106 2194 149 2231 et

29 2260 152 2309 δοίης

31 2446 154 2487 abdo-

38 2527 155 2569 “⁹¹⁴²

22 2599 28 2616 r
38 2581 160 2635 ‘'filo’'

35 2651 155 2689 licem

27 2712 160 2769 Long-

22 2864 166 2901 torum

27 2938 161 2976 osum,

24 3007 43 3034 s
71 3006 160 3034 ver-

27 3060 60 3101 ti
87 3059 160 3101 im-

38 3125 169 3183 -pilo·v

967 343 1185 382 Ameria-ne
1211 342 1557 397 septentrionalis.
2005 339 2060 382 ²6

452 452 530 504 sis,
556 452 681 495 facies
708 454 751 494 in
779 465 930 494 conum
960 466 1041 494 non
1071 452 1293 509 producta3
1322 452 1537 508 proboseis
1557 465 1639 494 nnn
1659 452 1906 508 prominens.
1954 449 2060 492 'rho-

455 531 529 561 rsx
558 523 670 561 totus
696 519 793 575 pilis
818 522 997 561 saturate
1026 518 1148 560 luteis
1176 520 1411 561 instructus.
1467 518 1642 560 Sentelli
1662 530 1802 573 margo
1829 520 2063 558 tomentum

455 585 690 628 subfulvum
719 598 877 642 gerens.
935 586 1151 628 Abdomen
1173 585 1390 627 confertim
1409 585 1732 641 luteo-pilosum,
1759 586 2062 640 segmenlornm

456 652 584 700 tertii,
613 651 746 707 quinti
779 655 820 692 et
848 652 952 693 sexli
982 651 1176 694 lateribus
1205 656 1246 692 et
1275 650 1408 693 ultimi
1445 651 1626 708 margine
1653 651 1814 707 postico
1842 649 2063 706 nigro-pi-

456 717 574 767 loni-5
602 721 834 760 tomentum
871 719 1103 760 abdominis
1140 718 1225 760 sere
1254 731 1378 759 omne
1408 719 1589 772 nigrum,
1623 718 1664 758 in
1694 717 1913 773 segmentis
1939 729 2064 772 paen·

457 782 606 824 ultimo
650 787 693 825 et
732 785 1083 841 antepaennltimo
1128 784 1375 833 confertius,
1418 784 1475 826 ita
1523 788 1570 825 ut
1602 783 1749 825 fasciae
1783 783 1922 839 nigrae
1948 782 2062 826 fiant.

458 848 613 892 Venter
641 851 775 906 niger,
813 851 904 906 pilis
932 851 1139 907 plerisque
1169 851 1310 901 luteis,
1349 855 1534 893 tomento
1573 850 1753 892 maxima
1781 863 1833 891 ex
1861 854 1977 905 parte
2004 848 2063 891 ni-

458 929 543 971 gro.
602 916 732 960 Pedes
761 919 880 974 nigri.
906 918 1017 974 pilis,
1044 917 1142 960 setis
1171 922 1213 959 et
1243 922 1429 959 tomento
1457 917 1599 973 nigris,
1626 916 1826 958 semorum
1844 921 1982 958 tamen
2005 920 2065 958 to-

458 988 599 1025 mento
639 985 787 1040 partim
831 984 963 1036 luteo,
1006 983 1135 1026 tibiae
1178 985 1359 1039 posticae
1400 984 1499 1027 setis
1542 982 1849 1025 confertissimis
1891 982 2064 1025 cilistae.

459 1048 561 1092 Alae
600 1049 811 1105 bynlinae,
850 1051 930 1092 ima
967 1051 1056 1092 basi
1083 1051 1218 1100 fusca,
1255 1050 1407 1094 cellula
1441 1049 1586 1093 costsli
1623 1050 1753 1092 dilute
1780 1049 1982 1092 subfusca.
2010 1069 2064 1078 -—

460 1115 669 1170 (lllinois.)

570 1239 636 1281 4⁰.
667 1240 905 1281 Anthrax
931 1246 1236 1285 sesnosonn.
1267 1254 1362 1282 nov.
1391 1255 1450 1297 sp.
1489 1238 1535 1284 Ω.
1568 1263 1616 1270 --
1647 1238 1805 1296 Nigro,
1830 1238 2000 1294 pedsbus
2026 1245 2065 1280 ee

459 1310 544 1346 ima
579 1307 740 1346 ntorum
772 1306 861 1347 husi
897 1306 1198 1357 consutoribus,
1232 1309 1308 1361 pun·
1337 1307 1442 1357 athi,
1472 1312 1516 1348 in
1545 1305 1740 1347 lateribus
1767 1311 2069 1362 ungnentorum

459 1371 776 1413 abdomiaaltum
802 1377 939 1418 tertii.
968 1377 1105 1429 quinti
1132 1381 1170 1415 et
1198 1379 1307 1414 sexes·
1335 1378 1470 1430 nigri,
1505 1379 1727 1414 tomentum
1764 1377 1807 1413 in
1841 1373 2069 1413 nbdornim's

460 1439 583 1480 dorso
610 1443 800 1495 nigrum,
834 1444 880 1480 in
905 1447 1204 1496 segmentorum
1232 1441 1399 1481 secundi
1427 1448 1463 1481 el
1493 1444 1607 1480 cerm
1638 1439 1727 1479 bnss'
1763 1444 2068 1495 angustissime,

459 1511 507 1547 ivs
525 1511 665 1561 quor-ea·
681 1507 809 1561 paulo
827 1507 954 1547 latius
982 1506 1128 1555 album,
1161 1512 1204 1547 ἄη
1228 1508 1471 1561 ραωιυὶηπιί
1499 1513 1537 1547 el
1561 1507 1702 1547 utet-ni
1720 1505 1809 1546 basi
1827 1507 2068 1547 exalbidum.

464 1593 518 1603 —
536 1570 666 1627 Long.
694 1585 807 1629 corp.
836 1573 1042 1627 4}-513'3-
1073 1573 1158 1624 lin.,
1188 1572 1315 1630 Long.
1344 1574 1397 1618 al.
1427 1574 1634 1628 45⁷5-5}
1665 1572 1735 1614 lin.

571 1649 708 1705 Nigra.
767 1650 902 1706 Caput
939 1650 1185 1702 rotundum,
1220 1654 1355 1692 totum
1390 1650 1608 1700 concolorz,
1643 1650 1757 1692 frons
1786 1651 1947 1692 modice
1975 1648 2070 1701 lata,

462 1716 743 1773 nigro-pilosa,
772 1716 966 1758 adversus
994 1721 1194 1758 antennas
1222 1716 1601 1769 albo-tomentosa3
1635 1717 1759 1759 facies
1789 1717 1881 1773 pilis
1909 1717 2070 1759 rariori·

462 1783 538 1826 bns
565 1783 693 1840 nigris
722 1788 764 1825 et
792 1787 980 1825 tomento
1010 1783 1197 1825 conferto
1226 1783 1320 1825 albo
1355 1785 1519 1833 vestita;
1559 1788 1762 1825 antennae
1791 1785 1947 1840 nigrae,
1975 1783 2070 1825 arti-

461 1850 565 1892 culis
591 1850 734 1907 primis
763 1850 920 1891 duobus
951 1849 1265 1905 nigro-pilosis,
1299 1852 1423 1893 tertio
1460 1865 1483 1892 c
1518 1850 1606 1893 basi
1643 1850 1815 1906 globosa
1843 1850 1886 1892 in
1914 1850 2069 1904 stylum

461 1922 628 1959 tenuem
656 1917 882 1973 producto;
912 1917 1123 1972 proboscis
1154 1930 1235 1957 non
1263 1919 1514 1973 prominens.
1572 1916 1739 1958 Thorax
1769 1917 2071 1973 albo-pilosum,

461 1989 692 2026 tomentum
721 1984 831 2025 dorsi
860 1984 1037 2039 nigrum,
1068 1984 1110 2025 in
1141 1985 1320 2040 margine
1357 1985 1514 2041 postico
1551 1983 1699 2025 album.
1756 1983 1983 2025 Scutellum
2012 1983 2072 2039 pi-

461 2050 513 2093 lis
540 2051 644 2093 albis
672 2054 713 2092 et
742 2048 1037 2104 nigricantibus
1065 2049 1327 2103 instructum,
1356 2052 1793 2107 nigro-tomentosum,
1823 2050 2073 2105 marginibus

463 2117 700 2159 lateralibus
729 2116 1098 2159 albo-tomentosiS.
1157 2116 1399 2160 Abdominis
1427 2118 1555 2160 latera
1590 2117 1631 2157 in
1668 2118 1887 2172 segmentis
1915 2116 2074 2158 duobus

463 2185 604 2242 primis
632 2188 674 2225 et
701 2184 743 2225 in
773 2184 905 2239 quarti
936 2184 1025 2225 basi
1052 2183 1146 2240 pilis
1175 2183 1292 2231 albis,
1320 2186 1362 2226 in
1391 2184 1562 2240 reliquis
1589 2185 1810 2240 segmentis
1829 2184 1920 2240 pilis
1949 2184 2073 2239 nigris

464 2252 635 2302 vestiis,
655 2255 885 2292 tomentum
906 2249 1136 2293 abdominis
1151 2251 1299 2305 reliqui
1319 2252 1495 2307 nigrum,
1510 2252 1552 2292 in
1573 2255 1875 2305 segmentorum
1891 2251 2074 2300 secundi,

467 2318 580 2360 tertii
608 2322 650 2359 et
672 2318 812 2371 quarti
831 2317 918 2359 basi
946 2317 1085 2359 album
1113 2319 1171 2359 ita
1203 2322 1248 2359 ut
1268 2319 1309 2360 in
1331 2319 1412 2360 illis
1432 2318 1604 2374 singulis
1625 2318 1773 2359 fasciae
1803 2317 1986 2373 singulae
2014 2322 2073 2360 te-

465 2385 684 2427 nuissimae
711 2384 837 2435 albae,
867 2385 910 2425 in
940 2384 1021 2426 boc
1049 2384 1176 2426 fascia
1193 2385 1317 2439 paulo
1338 2385 1459 2427 latior
1486 2389 1729 2441 appareante,
1757 2384 1861 2426 basis
1888 2397 2074 2441 segmen-

466 2441 606 2494 torum
634 2451 875 2506 paenultimi
903 2456 946 2504 et
975 2451 1108 2492 ultimi
1137 2451 1293 2506 polline
1322 2452 1514 2495 exalbido
1542 2453 1739 2493 instructa
1758 2457 1799 2493 et
1820 2465 1920 2493 anns
1949 2452 2074 2492 utrin-

467 2532 547 2574 que
567 2523 752 2560 tomento
774 2517 960 2574 longiore
979 2517 1073 2560 albo
1093 2518 1366 2561 fasciculatus.
1426 2518 1593 2561 Ventris
1611 2523 1820 2574 segmenta
1840 2519 1923 2560 duo
1945 2518 2075 2573 prima

465 2589 569 2635 tota,
597 2585 708 2627 tertii
738 2586 866 2627 triens
892 2585 1090 2641 posticas,
1119 2589 1308 2639 quartum
1340 2590 1499 2641 praeter
1519 2590 1717 2642 punctum
1738 2585 1916 2627 medium
1946 2588 1988 2627 et
2006 2598 2075 2626 re-

466 2652 577 2707 liqua
606 2656 770 2709 praeter
797 2653 920 2694 imam
948 2651 1202 2708 singulorum
1233 2653 1361 2695 basim
1391 2653 1748 2695 albo-tomentosa.
1793 2651 1921 2693 Pedes
1950 2652 2075 2707 nigri3

467 2719 592 2761 tibiae
622 2720 803 2775 posticae
831 2733 1008 2775 superne
1035 2719 1176 2761 setulis
1206 2719 1492 2761 concoloribus
1526 2719 1806 2774 subsdpressis
1841 2717 1992 2761 crebris
2019 2718 2077 2759 ci·

468 2787 609 2837 liniae,
637 2786 838 2828 femorum
869 2790 1098 2828 tomentum
1129 2786 1377 2838 exalbidum,
1405 2788 1561 2842 apicem
1586 2801 1723 2828 versus
1742 2787 1921 2841 nigrum;
1949 2785 2077 2827 tibiae

470 2854 908 2908 nigro-tomentosae,
945 2854 1129 2909 posticae
1165 2861 1299 2896 tamen
1335 2868 1513 2911 superne
1542 2858 1727 2895 tomento
1757 2852 1849 2894 albo
1877 2865 2075 2908 aspersae.

470 2920 572 2963 Alae
599 2935 702 2978 pure
730 2921 938 2977 byalinae,
966 2921 1050 2963 ima
1077 2921 1162 2963 basi
1193 2921 1454 2976 nigro-fusca,
1482 2922 1600 2963 venis
1619 2921 1757 2976 nigris.
1780 2942 1831 2950 -
1852 2918 2060 2972 (Illinois.)
