<?xml version="1.0" encoding="UTF-8"?>
<!DOCTYPE html PUBLIC "-//W3C//DTD XHTML 1.0 Transitional//EN"
    "http://www.w3.org/TR/xhtml1/DTD/xhtml1-transitional.dtd">
<html xmlns="http://www.w3.org/1999/xhtml" xml:lang="en" lang="en">
 <head>
  <title>
</title>
<meta http-equiv="Content-Type" content="text/html;charset=utf-8" />
  <meta name='ocr-system' content='tesseract 3.04.00' />
  <meta name='ocr-capabilities' content='ocr_page ocr_carea ocr_par ocr_line ocrx_word'/>
</head>
<body>
  <div class='ocr_page' id='page_1' title='image "./cihm_28145_0227.png"; bbox 0 0 2536 3584; ppageno 0'>
   <div class='ocr_carea' id='block_1_1' title="bbox 18 358 147 416">
    <p class='ocr_par' dir='ltr' id='par_1_1' title="bbox 18 358 147 416">
     <span class='ocr_line' id='line_1_1' title="bbox 18 358 147 416; baseline 0 -15"><span class='ocrx_word' id='word_1_1' title='bbox 18 358 147 416; x_wconf 80' lang='lat' dir='ltr'><strong>Long.</strong></span> 
     </span>
    </p>
   </div>
   <div class='ocr_carea' id='block_1_2' title="bbox 0 493 148 948">
    <p class='ocr_par' dir='ltr' id='par_1_2' title="bbox 0 493 148 948">
     <span class='ocr_line' id='line_1_2' title="bbox 0 493 148 541; baseline 0 -7"><span class='ocrx_word' id='word_1_2' title='bbox 0 508 56 541; x_wconf 54' lang='lat' dir='ltr'><strong>va,</strong></span> <span class='ocrx_word' id='word_1_3' title='bbox 91 493 148 534; x_wconf 90' lang='lat' dir='ltr'><strong>in-</strong></span> 
     </span>
     <span class='ocr_line' id='line_1_3' title="bbox 0 560 148 601; baseline 0.007 -1"><span class='ocrx_word' id='word_1_4' title='bbox 0 574 10 600; x_wconf 75' lang='lat' dir='ltr'><strong>s</strong></span> <span class='ocrx_word' id='word_1_5' title='bbox 40 560 148 601; x_wconf 88' lang='lat' dir='ltr'><strong>nivei</strong></span> 
     </span>
     <span class='ocr_line' id='line_1_4' title="bbox 0 628 148 668; baseline 0.014 -2"><span class='ocrx_word' id='word_1_6' title='bbox 0 641 29 668; x_wconf 85' lang='grc' dir='ltr'><strong>ι.</strong></span> <span class='ocrx_word' id='word_1_7' title='bbox 68 628 148 668; x_wconf 88' lang='lat' dir='ltr'><strong>oris</strong></span> 
     </span>
     <span class='ocr_line' id='line_1_5' title="bbox 2 694 147 735; baseline -0.007 -1"><span class='ocrx_word' id='word_1_8' title='bbox 2 694 147 735; x_wconf 70' lang='lat' dir='ltr'><strong>noraeis</strong></span> 
     </span>
     <span class='ocr_line' id='line_1_6' title="bbox 2 761 146 802; baseline 0.014 -2"><span class='ocrx_word' id='word_1_9' title='bbox 2 761 146 802; x_wconf 87' lang='lat' dir='ltr'><strong>aletae.</strong></span> 
     </span>
     <span class='ocr_line' id='line_1_7' title="bbox 0 832 146 875; baseline 0 -8"><span class='ocrx_word' id='word_1_10' title='bbox 0 832 146 875; x_wconf 77' lang='lat' dir='ltr'><strong>nantes,</strong></span> 
     </span>
     <span class='ocr_line' id='line_1_8' title="bbox 1 893 144 948; baseline 0 -14"><span class='ocrx_word' id='word_1_11' title='bbox 1 893 144 948; x_wconf 86' lang='lat' dir='ltr'><strong>Hamp-</strong></span> 
     </span>
    </p>
   </div>
   <div class='ocr_carea' id='block_1_3' title="bbox 0 1087 146 1188">
    <p class='ocr_par' dir='ltr' id='par_1_3' title="bbox 0 1087 146 1188">
     <span class='ocr_line' id='line_1_9' title="bbox 0 1087 145 1126; baseline 0.007 -6"><span class='ocrx_word' id='word_1_12' title='bbox 0 1113 1 1126; x_wconf 62' lang='grc'>,</span> <span class='ocrx_word' id='word_1_13' title='bbox 38 1087 145 1121; x_wconf 84' lang='lat' dir='ltr'><strong>atra.</strong></span> 
     </span>
     <span class='ocr_line' id='line_1_10' title="bbox 0 1155 146 1188; baseline -0.007 0"><span class='ocrx_word' id='word_1_14' title='bbox 0 1155 146 1188; x_wconf 73' lang='lat' dir='ltr'><strong>uoracis</strong></span> 
     </span>
    </p>
   </div>
   <div class='ocr_carea' id='block_1_4' title="bbox 0 1759 144 2334">
    <p class='ocr_par' dir='ltr' id='par_1_4' title="bbox 0 1759 144 2067">
     <span class='ocr_line' id='line_1_11' title="bbox 29 1759 144 1799; baseline 0 0"><span class='ocrx_word' id='word_1_15' title='bbox 29 1759 144 1799; x_wconf 85' lang='lat' dir='ltr'><strong>‹limi-</strong></span> 
     </span>
     <span class='ocr_line' id='line_1_12' title="bbox 13 1840 144 1881; baseline -0.008 -14"><span class='ocrx_word' id='word_1_16' title='bbox 13 1840 144 1881; x_wconf 86' lang='lat' dir='ltr'><strong>asper-</strong></span> 
     </span>
     <span class='ocr_line' id='line_1_13' title="bbox 0 1893 143 1932; baseline -0.007 0"><span class='ocrx_word' id='word_1_17' title='bbox 0 1893 143 1932; x_wconf 76' lang='lat' dir='ltr'><strong>domm!</strong></span> 
     </span>
     <span class='ocr_line' id='line_1_14' title="bbox 0 1960 143 2000; baseline -0.014 0"><span class='ocrx_word' id='word_1_18' title='bbox 0 1974 35 2000; x_wconf 73' lang='lat' dir='ltr'><strong>ne</strong></span> <span class='ocrx_word' id='word_1_19' title='bbox 73 1960 143 1999; x_wconf 80' lang='lat' dir='ltr'><strong>na-</strong></span> 
     </span>
     <span class='ocr_line' id='line_1_15' title="bbox 5 2027 144 2067; baseline -0.014 0"><span class='ocrx_word' id='word_1_20' title='bbox 5 2041 23 2067; x_wconf 92' lang='lat' dir='ltr'><strong>s</strong></span> <span class='ocrx_word' id='word_1_21' title='bbox 52 2027 144 2066; x_wconf 85' lang='lat' dir='ltr'><strong>sub-</strong></span> 
     </span>
    </p>

    <p class='ocr_par' dir='ltr' id='par_1_5' title="bbox 18 2095 144 2133">
     <span class='ocr_line' id='line_1_16' title="bbox 18 2095 144 2133; baseline -0.008 0"><span class='ocrx_word' id='word_1_22' title='bbox 18 2095 144 2133; x_wconf 82' lang='lat' dir='ltr'><strong>ternis</strong></span> 
     </span>
    </p>

    <p class='ocr_par' dir='ltr' id='par_1_6' title="bbox 12 2158 143 2334">
     <span class='ocr_line' id='line_1_17' title="bbox 46 2158 143 2200; baseline 0.01 -1"><span class='ocrx_word' id='word_1_23' title='bbox 46 2158 143 2200; x_wconf 87' lang='lat' dir='ltr'><strong>Alae</strong></span> 
     </span>
     <span class='ocr_line' id='line_1_18' title="bbox 12 2226 142 2276; baseline 0 -10"><span class='ocrx_word' id='word_1_24' title='bbox 12 2226 142 2276; x_wconf 89' lang='lat' dir='ltr'><strong>luteis,</strong></span> 
     </span>
     <span class='ocr_line' id='line_1_19' title="bbox 16 2293 142 2334; baseline 0.008 -1"><span class='ocrx_word' id='word_1_25' title='bbox 16 2293 142 2334; x_wconf 79' lang='lat' dir='ltr'><strong>dllnte</strong></span> 
     </span>
    </p>
   </div>
   <div class='ocr_carea' id='block_1_5' title="bbox 0 1819 4 2340">
    <p class='ocr_par' dir='ltr' id='par_1_7' title="bbox 0 1819 4 2340">
     <span class='ocr_line' id='line_1_20' title="bbox 0 1819 4 2340; baseline 0 0"><span class='ocrx_word' id='word_1_26' title='bbox 0 1819 4 2340; x_wconf 95' lang='lat' dir='ltr'><strong> </strong></span> 
     </span>
    </p>
   </div>
   <div class='ocr_carea' id='block_1_6' title="bbox 902 253 2003 306">
    <p class='ocr_par' dir='ltr' id='par_1_8' title="bbox 902 253 2003 306">
     <span class='ocr_line' id='line_1_21' title="bbox 902 253 2003 306; baseline 0.006 -14"><span class='ocrx_word' id='word_1_27' title='bbox 902 253 1116 294; x_wconf 65' lang='lat' dir='ltr'><strong>Amen-scae</strong></span> <span class='ocrx_word' id='word_1_28' title='bbox 1142 255 1484 306; x_wconf 77' lang='lat' dir='ltr'><strong>septentrionalis.</strong></span> <span class='ocrx_word' id='word_1_29' title='bbox 1923 257 2003 300; x_wconf 82' lang='lat'><strong>179</strong></span> 
     </span>
    </p>
   </div>
   <div class='ocr_carea' id='block_1_7' title="bbox 388 362 2009 1422">
    <p class='ocr_par' dir='ltr' id='par_1_9' title="bbox 388 362 2006 1088">
     <span class='ocr_line' id='line_1_22' title="bbox 501 362 2002 423; baseline 0.003 -18"><span class='ocrx_word' id='word_1_30' title='bbox 501 362 613 413; x_wconf 84' lang='lat' dir='ltr'><strong>Atra,</strong></span> <span class='ocrx_word' id='word_1_31' title='bbox 643 364 784 405; x_wconf 85' lang='lat' dir='ltr'><strong>nitida.</strong></span> <span class='ocrx_word' id='word_1_32' title='bbox 843 363 974 420; x_wconf 84' lang='lat' dir='ltr'><strong>Caput</strong></span> <span class='ocrx_word' id='word_1_33' title='bbox 1008 363 1137 406; x_wconf 89' lang='lat' dir='ltr'><strong>dilute</strong></span> <span class='ocrx_word' id='word_1_34' title='bbox 1160 365 1393 414; x_wconf 73' lang='lat' dir='ltr'><strong>flavescens,</strong></span> <span class='ocrx_word' id='word_1_35' title='bbox 1422 365 1680 422; x_wconf 71' lang='lat' dir='ltr'>proboscide,</span> <span class='ocrx_word' id='word_1_36' title='bbox 1708 365 1839 423; x_wconf 86' lang='lat' dir='ltr'><strong>palpis</strong></span> <span class='ocrx_word' id='word_1_37' title='bbox 1858 372 2002 409; x_wconf 83' lang='lat' dir='ltr'><strong>anteu-</strong></span> 
     </span>
     <span class='ocr_line' id='line_1_23' title="bbox 389 429 2004 489; baseline 0.002 -18"><span class='ocrx_word' id='word_1_38' title='bbox 389 430 533 484; x_wconf 87' lang='lat' dir='ltr'><strong>nisque</strong></span> <span class='ocrx_word' id='word_1_39' title='bbox 553 429 855 479; x_wconf 89' lang='lat' dir='ltr'><strong>concoloribus,</strong></span> <span class='ocrx_word' id='word_1_40' title='bbox 875 431 964 472; x_wconf 70' lang='lat' dir='ltr'><strong>sets</strong></span> <span class='ocrx_word' id='word_1_41' title='bbox 984 431 1126 472; x_wconf 84' lang='lat' dir='ltr'><strong>barum</strong></span> <span class='ocrx_word' id='word_1_42' title='bbox 1156 430 1334 473; x_wconf 85' lang='lat' dir='ltr'><strong>breviter</strong></span> <span class='ocrx_word' id='word_1_43' title='bbox 1361 432 1547 486; x_wconf 72' lang='lat' dir='ltr'><strong>pilosula,</strong></span> <span class='ocrx_word' id='word_1_44' title='bbox 1568 446 1649 474; x_wconf 91' lang='lat' dir='ltr'><strong>non</strong></span> <span class='ocrx_word' id='word_1_45' title='bbox 1671 432 1869 489; x_wconf 64' lang='lat' dir='ltr'><strong>plumata,</strong></span> <span class='ocrx_word' id='word_1_46' title='bbox 1892 433 2004 476; x_wconf 87' lang='lat' dir='ltr'><strong>t&#39;rons</strong></span> 
     </span>
     <span class='ocr_line' id='line_1_24' title="bbox 390 497 2002 555; baseline 0.003 -17"><span class='ocrx_word' id='word_1_47' title='bbox 390 497 520 549; x_wconf 82' lang='lat' dir='ltr'><strong>lutea,</strong></span> <span class='ocrx_word' id='word_1_48' title='bbox 555 497 953 553; x_wconf 70' lang='lat' dir='ltr'><strong>albida-pollinam,</strong></span> <span class='ocrx_word' id='word_1_49' title='bbox 992 499 1184 552; x_wconf 80' lang='lat' dir='ltr'><strong>utrinque</strong></span> <span class='ocrx_word' id='word_1_50' title='bbox 1224 500 1616 555; x_wconf 66' lang='lat' dir='ltr'><strong>nigro-marginata,</strong></span> <span class='ocrx_word' id='word_1_51' title='bbox 1653 500 1810 542; x_wconf 81' lang='lat' dir='ltr'><strong>macula</strong></span> <span class='ocrx_word' id='word_1_52' title='bbox 1847 503 2002 543; x_wconf 83' lang='lat' dir='ltr'><strong>minuta</strong></span> 
     </span>
     <span class='ocr_line' id='line_1_25' title="bbox 388 564 2004 621; baseline 0.003 -16"><span class='ocrx_word' id='word_1_53' title='bbox 388 564 544 606; x_wconf 86' lang='lat' dir='ltr'><strong>ocellos</strong></span> <span class='ocrx_word' id='word_1_54' title='bbox 571 564 798 614; x_wconf 89' lang='lat' dir='ltr'><strong>includens,</strong></span> <span class='ocrx_word' id='word_1_55' title='bbox 835 566 998 607; x_wconf 85' lang='lat' dir='ltr'><strong>verticis</strong></span> <span class='ocrx_word' id='word_1_56' title='bbox 1029 578 1168 620; x_wconf 77' lang='lat' dir='ltr'><strong>margo</strong></span> <span class='ocrx_word' id='word_1_57' title='bbox 1199 567 1380 621; x_wconf 79' lang='lat' dir='ltr'><strong>poeticus</strong></span> <span class='ocrx_word' id='word_1_58' title='bbox 1410 572 1453 608; x_wconf 80' lang='lat' dir='ltr'><strong>et</strong></span> <span class='ocrx_word' id='word_1_59' title='bbox 1480 566 1669 621; x_wconf 81' lang='lat' dir='ltr'><strong>accipitis</strong></span> <span class='ocrx_word' id='word_1_60' title='bbox 1699 567 1910 609; x_wconf 89' lang='lat' dir='ltr'><strong>dimidium</strong></span> <span class='ocrx_word' id='word_1_61' title='bbox 1939 582 2004 610; x_wconf 90' lang='lat' dir='ltr'><strong>su-</strong></span> 
     </span>
     <span class='ocr_line' id='line_1_26' title="bbox 391 630 2004 686; baseline 0.002 -15"><span class='ocrx_word' id='word_1_62' title='bbox 391 632 526 686; x_wconf 89' lang='lat' dir='ltr'><strong>perius</strong></span> <span class='ocrx_word' id='word_1_63' title='bbox 554 637 655 672; x_wconf 84' lang='lat' dir='ltr'><strong>atra.</strong></span> <span class='ocrx_word' id='word_1_64' title='bbox 712 630 907 673; x_wconf 73' lang='lat' dir='ltr'>Thoracis</span> <span class='ocrx_word' id='word_1_65' title='bbox 937 632 1122 682; x_wconf 84' lang='lat' dir='ltr'><strong>dorsum,</strong></span> <span class='ocrx_word' id='word_1_66' title='bbox 1158 632 1375 673; x_wconf 86' lang='lat' dir='ltr'><strong>scutellum</strong></span> <span class='ocrx_word' id='word_1_67' title='bbox 1405 639 1445 673; x_wconf 84' lang='lat' dir='ltr'><strong>et</strong></span> <span class='ocrx_word' id='word_1_68' title='bbox 1475 637 1727 675; x_wconf 81' lang='lat' dir='ltr'><strong>metanotum</strong></span> <span class='ocrx_word' id='word_1_69' title='bbox 1760 639 1846 675; x_wconf 81' lang='lat' dir='ltr'><strong>atra</strong></span> <span class='ocrx_word' id='word_1_70' title='bbox 1875 640 1913 676; x_wconf 90' lang='lat' dir='ltr'><strong>et</strong></span> <span class='ocrx_word' id='word_1_71' title='bbox 1947 635 2004 675; x_wconf 89' lang='lat' dir='ltr'><strong>ni-</strong></span> 
     </span>
     <span class='ocr_line' id='line_1_27' title="bbox 390 697 2005 755; baseline 0.003 -17"><span class='ocrx_word' id='word_1_72' title='bbox 390 698 488 739; x_wconf 85' lang='lat' dir='ltr'><strong>tida.</strong></span> <span class='ocrx_word' id='word_1_73' title='bbox 548 697 718 739; x_wconf 86' lang='lat' dir='ltr'><strong>Pleurae</strong></span> <span class='ocrx_word' id='word_1_74' title='bbox 747 698 878 740; x_wconf 81' lang='lat' dir='ltr'><strong>diluto</strong></span> <span class='ocrx_word' id='word_1_75' title='bbox 909 699 1156 749; x_wconf 80' lang='lat' dir='ltr'><strong>flavicontes,</strong></span> <span class='ocrx_word' id='word_1_76' title='bbox 1188 699 1335 740; x_wconf 64' lang='lat' dir='ltr'><strong>vittata</strong></span> <span class='ocrx_word' id='word_1_77' title='bbox 1364 699 1450 740; x_wconf 75' lang='lat' dir='ltr'><strong>atra</strong></span> <span class='ocrx_word' id='word_1_78' title='bbox 1482 699 1577 740; x_wconf 85' lang='lat' dir='ltr'><strong>inde</strong></span> <span class='ocrx_word' id='word_1_79' title='bbox 1606 713 1625 739; x_wconf 93' lang='lat' dir='ltr'><strong>a</strong></span> <span class='ocrx_word' id='word_1_80' title='bbox 1649 705 1856 742; x_wconf 86' lang='lat' dir='ltr'><strong>metanoto</strong></span> <span class='ocrx_word' id='word_1_81' title='bbox 1877 715 2005 755; x_wconf 88' lang='lat' dir='ltr'><strong>usque</strong></span> 
     </span>
     <span class='ocr_line' id='line_1_28' title="bbox 390 765 2006 820; baseline 0.002 -15"><span class='ocrx_word' id='word_1_82' title='bbox 390 766 430 806; x_wconf 91' lang='lat' dir='ltr'><strong>in</strong></span> <span class='ocrx_word' id='word_1_83' title='bbox 474 765 626 806; x_wconf 79' lang='lat' dir='ltr'><strong>medias</strong></span> <span class='ocrx_word' id='word_1_84' title='bbox 671 765 832 820; x_wconf 88' lang='lat' dir='ltr'><strong>pleuras</strong></span> <span class='ocrx_word' id='word_1_85' title='bbox 878 766 1108 819; x_wconf 81' lang='lat' dir='ltr'><strong>pertinente</strong></span> <span class='ocrx_word' id='word_1_86' title='bbox 1155 766 1300 820; x_wconf 85' lang='lat' dir='ltr'><strong>pictae.</strong></span> <span class='ocrx_word' id='word_1_87' title='bbox 1366 765 1581 807; x_wconf 88' lang='lat' dir='ltr'><strong>Abdomen</strong></span> <span class='ocrx_word' id='word_1_88' title='bbox 1622 770 1755 807; x_wconf 84' lang='lat' dir='ltr'><strong>totum</strong></span> <span class='ocrx_word' id='word_1_89' title='bbox 1793 773 1925 809; x_wconf 81' lang='lat' dir='ltr'><strong>atrum</strong></span> <span class='ocrx_word' id='word_1_90' title='bbox 1963 772 2006 808; x_wconf 85' lang='lat' dir='ltr'><strong>et</strong></span> 
     </span>
     <span class='ocr_line' id='line_1_29' title="bbox 391 831 2006 889; baseline 0.003 -17"><span class='ocrx_word' id='word_1_91' title='bbox 391 831 579 874; x_wconf 85' lang='lat' dir='ltr'><strong>nitidum.</strong></span> <span class='ocrx_word' id='word_1_92' title='bbox 644 831 784 872; x_wconf 85' lang='lat' dir='ltr'><strong>Coxae</strong></span> <span class='ocrx_word' id='word_1_93' title='bbox 829 832 957 873; x_wconf 81' lang='lat' dir='ltr'><strong>‹litutc</strong></span> <span class='ocrx_word' id='word_1_94' title='bbox 1002 833 1277 873; x_wconf 85' lang='lat' dir='ltr'><strong>ssavcscentes.</strong></span> <span class='ocrx_word' id='word_1_95' title='bbox 1350 831 1477 873; x_wconf 80' lang='lat' dir='ltr'>Pedes</span> <span class='ocrx_word' id='word_1_96' title='bbox 1521 832 1780 884; x_wconf 80' lang='lat' dir='ltr'><strong>concolores,</strong></span> <span class='ocrx_word' id='word_1_97' title='bbox 1823 835 2006 889; x_wconf 78' lang='lat' dir='ltr'><strong>graciles,</strong></span> 
     </span>
     <span class='ocr_line' id='line_1_30' title="bbox 390 899 2006 956; baseline 0.003 -18"><span class='ocrx_word' id='word_1_98' title='bbox 390 900 487 940; x_wconf 83' lang='lat' dir='ltr'><strong>setis</strong></span> <span class='ocrx_word' id='word_1_99' title='bbox 517 899 764 953; x_wconf 80' lang='lat' dir='ltr'><strong>longioribus</strong></span> <span class='ocrx_word' id='word_1_100' title='bbox 795 899 915 954; x_wconf 82' lang='lat' dir='ltr'><strong>plane</strong></span> <span class='ocrx_word' id='word_1_101' title='bbox 950 899 1070 939; x_wconf 89' lang='lat' dir='ltr'><strong>nullis</strong></span> <span class='ocrx_word' id='word_1_102' title='bbox 1099 900 1306 945; x_wconf 81' lang='lat' dir='ltr'><strong>instructi,</strong></span> <span class='ocrx_word' id='word_1_103' title='bbox 1348 901 1463 940; x_wconf 87' lang='lat' dir='ltr'><strong>tarsis</strong></span> <span class='ocrx_word' id='word_1_104' title='bbox 1501 899 1713 942; x_wconf 83' lang='lat' dir='ltr'><strong>subluscis.</strong></span> <span class='ocrx_word' id='word_1_105' title='bbox 1772 900 1873 942; x_wconf 82' lang='lat' dir='ltr'><strong>Alae</strong></span> <span class='ocrx_word' id='word_1_106' title='bbox 1908 901 2006 956; x_wconf 84' lang='lat' dir='ltr'><strong>bya-</strong></span> 
     </span>
     <span class='ocr_line' id='line_1_31' title="bbox 391 965 2006 1022; baseline 0.002 -17"><span class='ocrx_word' id='word_1_107' title='bbox 391 966 516 1015; x_wconf 83' lang='lat' dir='ltr'><strong>linae,</strong></span> <span class='ocrx_word' id='word_1_108' title='bbox 552 966 778 1020; x_wconf 84' lang='lat' dir='ltr'><strong>aequaliter</strong></span> <span class='ocrx_word' id='word_1_109' title='bbox 797 971 840 1007; x_wconf 80' lang='lat' dir='ltr'><strong>et</strong></span> <span class='ocrx_word' id='word_1_110' title='bbox 864 966 1105 1007; x_wconf 84' lang='lat' dir='ltr'><strong>dilutissime</strong></span> <span class='ocrx_word' id='word_1_111' title='bbox 1136 981 1186 1008; x_wconf 87' lang='lat' dir='ltr'><strong>ex</strong></span> <span class='ocrx_word' id='word_1_112' title='bbox 1217 967 1379 1007; x_wconf 86' lang='lat' dir='ltr'><strong>cinereo</strong></span> <span class='ocrx_word' id='word_1_113' title='bbox 1408 965 1746 1008; x_wconf 88' lang='lat' dir='ltr'><strong>sublutescentes.</strong></span> <span class='ocrx_word' id='word_1_114' title='bbox 1785 990 1835 999; x_wconf 91' lang='lat'><strong>-—</strong></span> <span class='ocrx_word' id='word_1_115' title='bbox 1873 968 2006 1022; x_wconf 83' lang='lat' dir='ltr'><strong>(New</strong></span> 
     </span>
     <span class='ocr_line' id='line_1_32' title="bbox 392 1030 1297 1088; baseline 0 -14"><span class='ocrx_word' id='word_1_116' title='bbox 392 1032 665 1088; x_wconf 76' lang='lat' dir='ltr'><strong>Hampsliire.)</strong></span> <span class='ocrx_word' id='word_1_117' title='bbox 1294 1030 1297 1032; x_wconf 62' lang='grc'><strong>’</strong></span> 
     </span>
    </p>

    <p class='ocr_par' dir='ltr' id='par_1_10' title="bbox 445 1099 2009 1422">
     <span class='ocr_line' id='line_1_33' title="bbox 501 1099 2008 1157; baseline 0.001 -16"><span class='ocrx_word' id='word_1_118' title='bbox 501 1099 642 1141; x_wconf 78' lang='lat' dir='ltr'><strong>Nota.</strong></span> <span class='ocrx_word' id='word_1_119' title='bbox 700 1099 854 1140; x_wconf 82' lang='lat' dir='ltr'><strong>Similis</strong></span> <span class='ocrx_word' id='word_1_120' title='bbox 886 1103 922 1139; x_wconf 85' lang='lat' dir='ltr'><strong>el</strong></span> <span class='ocrx_word' id='word_1_121' title='bbox 947 1100 1196 1153; x_wconf 75' lang='lat' dir='ltr'><strong>Cordylurae</strong></span> <span class='ocrx_word' id='word_1_122' title='bbox 1216 1101 1387 1141; x_wconf 79' lang='lat' dir='ltr'><strong>adustae</strong></span> <span class='ocrx_word' id='word_1_123' title='bbox 1411 1104 1451 1141; x_wconf 77' lang='lat' dir='ltr'><strong>et</strong></span> <span class='ocrx_word' id='word_1_124' title='bbox 1473 1100 1725 1154; x_wconf 75' lang='lat' dir='ltr'><strong>Cordylurae</strong></span> <span class='ocrx_word' id='word_1_125' title='bbox 1741 1102 2008 1157; x_wconf 79' lang='lat' dir='ltr'><strong>gracilipedi‚</strong></span> 
     </span>
     <span class='ocr_line' id='line_1_34' title="bbox 447 1167 2008 1223; baseline -0.001 -14"><span class='ocrx_word' id='word_1_126' title='bbox 447 1169 498 1209; x_wconf 88' lang='lat' dir='ltr'><strong>ab</strong></span> <span class='ocrx_word' id='word_1_127' title='bbox 536 1168 710 1220; x_wconf 64' lang='lat' dir='ltr'><strong>utraque</strong></span> <span class='ocrx_word' id='word_1_128' title='bbox 750 1167 895 1207; x_wconf 80' lang='lat' dir='ltr'><strong>frontis</strong></span> <span class='ocrx_word' id='word_1_129' title='bbox 931 1167 1180 1221; x_wconf 71' lang='lat' dir='ltr'><strong>marginibus</strong></span> <span class='ocrx_word' id='word_1_130' title='bbox 1219 1167 1452 1209; x_wconf 69' lang='lat' dir='ltr'><strong>lateralibus</strong></span> <span class='ocrx_word' id='word_1_131' title='bbox 1492 1169 1642 1222; x_wconf 89' lang='lat' dir='ltr'><strong>nigris,</strong></span> <span class='ocrx_word' id='word_1_132' title='bbox 1686 1167 1857 1223; x_wconf 88' lang='lat' dir='ltr'><strong>pedibus</strong></span> <span class='ocrx_word' id='word_1_133' title='bbox 1901 1172 2008 1210; x_wconf 86' lang='lat' dir='ltr'><strong>setas</strong></span> 
     </span>
     <span class='ocr_line' id='line_1_35' title="bbox 445 1233 2009 1291; baseline 0.001 -16"><span class='ocrx_word' id='word_1_134' title='bbox 445 1235 652 1289; x_wconf 80' lang='lat' dir='ltr'><strong>longiores</strong></span> <span class='ocrx_word' id='word_1_135' title='bbox 690 1233 819 1274; x_wconf 82' lang='lat' dir='ltr'><strong>nullas</strong></span> <span class='ocrx_word' id='word_1_136' title='bbox 857 1234 1111 1288; x_wconf 81' lang='lat' dir='ltr'><strong>gerentibus,</strong></span> <span class='ocrx_word' id='word_1_137' title='bbox 1153 1234 1332 1275; x_wconf 81' lang='lat' dir='ltr'><strong>thoracis</strong></span> <span class='ocrx_word' id='word_1_138' title='bbox 1369 1235 1489 1275; x_wconf 86' lang='lat' dir='ltr'><strong>dorso</strong></span> <span class='ocrx_word' id='word_1_139' title='bbox 1527 1239 1618 1275; x_wconf 81' lang='lat' dir='ltr'><strong>toto</strong></span> <span class='ocrx_word' id='word_1_140' title='bbox 1655 1240 1746 1275; x_wconf 77' lang='lat' dir='ltr'><strong>atro</strong></span> <span class='ocrx_word' id='word_1_141' title='bbox 1783 1234 2009 1291; x_wconf 83' lang='lat' dir='ltr'><strong>discrepat;</strong></span> 
     </span>
     <span class='ocr_line' id='line_1_36' title="bbox 445 1300 2009 1357; baseline 0.001 -15"><span class='ocrx_word' id='word_1_142' title='bbox 445 1302 496 1342; x_wconf 87' lang='lat' dir='ltr'><strong>ab</strong></span> <span class='ocrx_word' id='word_1_143' title='bbox 528 1301 603 1342; x_wconf 84' lang='lat' dir='ltr'><strong>hac</strong></span> <span class='ocrx_word' id='word_1_144' title='bbox 633 1304 840 1355; x_wconf 85' lang='lat' dir='ltr'><strong>praeterea</strong></span> <span class='ocrx_word' id='word_1_145' title='bbox 878 1300 962 1341; x_wconf 71' lang='lat' dir='ltr'><strong>seta</strong></span> <span class='ocrx_word' id='word_1_146' title='bbox 993 1305 1258 1342; x_wconf 89' lang='lat' dir='ltr'><strong>antennarum</strong></span> <span class='ocrx_word' id='word_1_147' title='bbox 1290 1315 1370 1342; x_wconf 88' lang='lat' dir='ltr'><strong>non</strong></span> <span class='ocrx_word' id='word_1_148' title='bbox 1403 1300 1603 1356; x_wconf 71' lang='lat' dir='ltr'><strong>plumata,</strong></span> <span class='ocrx_word' id='word_1_149' title='bbox 1643 1301 1712 1342; x_wconf 92' lang='lat' dir='ltr'><strong>sed</strong></span> <span class='ocrx_word' id='word_1_150' title='bbox 1743 1301 1922 1343; x_wconf 86' lang='lat' dir='ltr'><strong>breviter</strong></span> <span class='ocrx_word' id='word_1_151' title='bbox 1950 1302 2009 1357; x_wconf 90' lang='lat' dir='ltr'><strong>pi·</strong></span> 
     </span>
     <span class='ocr_line' id='line_1_37' title="bbox 445 1366 1517 1422; baseline -0.001 -12"><span class='ocrx_word' id='word_1_152' title='bbox 445 1368 574 1410; x_wconf 75' lang='lat' dir='ltr'><strong>losula</strong></span> <span class='ocrx_word' id='word_1_153' title='bbox 605 1373 646 1408; x_wconf 90' lang='lat' dir='ltr'><strong>et</strong></span> <span class='ocrx_word' id='word_1_154' title='bbox 677 1367 907 1421; x_wconf 88' lang='lat' dir='ltr'><strong>pleurarum</strong></span> <span class='ocrx_word' id='word_1_155' title='bbox 939 1366 1089 1408; x_wconf 66' lang='lat' dir='ltr'><strong>vittula</strong></span> <span class='ocrx_word' id='word_1_156' title='bbox 1117 1367 1205 1407; x_wconf 70' lang='lat' dir='ltr'><strong>atra</strong></span> <span class='ocrx_word' id='word_1_157' title='bbox 1240 1367 1517 1422; x_wconf 71' lang='lat' dir='ltr'><strong>distinguitur.</strong></span> 
     </span>
    </p>
   </div>
   <div class='ocr_carea' id='block_1_8' title="bbox 388 1487 2012 1814">
    <p class='ocr_par' dir='ltr' id='par_1_11' title="bbox 388 1487 2012 1814">
     <span class='ocr_line' id='line_1_38' title="bbox 503 1487 2011 1543; baseline 0.001 -14"><span class='ocrx_word' id='word_1_158' title='bbox 503 1487 569 1529; x_wconf 83' lang='lat'><strong>89.</strong></span> <span class='ocrx_word' id='word_1_159' title='bbox 609 1487 902 1541; x_wconf 72' lang='lat' dir='ltr'><strong>Cordylura</strong></span> <span class='ocrx_word' id='word_1_160' title='bbox 934 1490 1255 1543; x_wconf 79' lang='lat' dir='ltr'><strong>scapularis,</strong></span> <span class='ocrx_word' id='word_1_161' title='bbox 1294 1502 1389 1530; x_wconf 78' lang='grc' dir='ltr'><strong><em>ηον.</em></strong></span> <span class='ocrx_word' id='word_1_162' title='bbox 1425 1503 1484 1543; x_wconf 88' lang='lat' dir='ltr'><strong>sp.</strong></span> <span class='ocrx_word' id='word_1_163' title='bbox 1525 1487 1569 1532; x_wconf 72' lang='grc' dir='ltr'><strong>Ω.</strong></span> <span class='ocrx_word' id='word_1_164' title='bbox 1609 1511 1661 1518; x_wconf 87' lang='grc'>-</span> <span class='ocrx_word' id='word_1_165' title='bbox 1698 1490 1830 1540; x_wconf 79' lang='lat' dir='ltr'><strong>Atra,</strong></span> <span class='ocrx_word' id='word_1_166' title='bbox 1861 1490 2011 1542; x_wconf 79' lang='lat' dir='ltr'><strong>nitida,</strong></span> 
     </span>
     <span class='ocr_line' id='line_1_39' title="bbox 390 1554 2010 1612; baseline 0 -15"><span class='ocrx_word' id='word_1_167' title='bbox 390 1560 526 1611; x_wconf 75' lang='lat' dir='ltr'><strong>eapite</strong></span> <span class='ocrx_word' id='word_1_168' title='bbox 553 1570 643 1595; x_wconf 80' lang='lat' dir='ltr'><strong>cnm</strong></span> <span class='ocrx_word' id='word_1_169' title='bbox 673 1561 885 1604; x_wconf 90' lang='lat' dir='ltr'><strong>antennis,</strong></span> <span class='ocrx_word' id='word_1_170' title='bbox 912 1557 1149 1609; x_wconf 78' lang='lat' dir='ltr'><strong>proboscide</strong></span> <span class='ocrx_word' id='word_1_171' title='bbox 1178 1562 1215 1595; x_wconf 89' lang='lat' dir='ltr'><strong>et</strong></span> <span class='ocrx_word' id='word_1_172' title='bbox 1241 1557 1377 1608; x_wconf 75' lang='lat' dir='ltr'><strong>pulpis</strong></span> <span class='ocrx_word' id='word_1_173' title='bbox 1407 1554 1578 1609; x_wconf 84' lang='lat' dir='ltr'><strong>(fronte</strong></span> <span class='ocrx_word' id='word_1_174' title='bbox 1604 1562 1771 1609; x_wconf 82' lang='lat' dir='ltr'><strong>praeter</strong></span> <span class='ocrx_word' id='word_1_175' title='bbox 1799 1562 2010 1612; x_wconf 75' lang='lat' dir='ltr'><strong>margines</strong></span> 
     </span>
     <span class='ocr_line' id='line_1_40' title="bbox 390 1622 2011 1679; baseline 0.001 -16"><span class='ocrx_word' id='word_1_176' title='bbox 390 1623 600 1671; x_wconf 75' lang='lat' dir='ltr'><strong>laterales,</strong></span> <span class='ocrx_word' id='word_1_177' title='bbox 636 1623 786 1661; x_wconf 72' lang='lat' dir='ltr'><strong>ven-eice</strong></span> <span class='ocrx_word' id='word_1_178' title='bbox 820 1624 1085 1679; x_wconf 71' lang='lat' dir='ltr'><strong>occipitisque</strong></span> <span class='ocrx_word' id='word_1_179' title='bbox 1120 1624 1291 1663; x_wconf 76' lang='lat' dir='ltr'><strong>direiidio</strong></span> <span class='ocrx_word' id='word_1_180' title='bbox 1318 1623 1528 1674; x_wconf 73' lang='lat' dir='ltr'><strong>superiore</strong></span> <span class='ocrx_word' id='word_1_181' title='bbox 1556 1622 1778 1676; x_wconf 70' lang='lat' dir='ltr'><strong>exceptis),</strong></span> <span class='ocrx_word' id='word_1_182' title='bbox 1816 1624 2011 1677; x_wconf 78' lang='lat' dir='ltr'><strong>scapulis,</strong></span> 
     </span>
     <span class='ocr_line' id='line_1_41' title="bbox 389 1688 2010 1746; baseline -0.001 -15"><span class='ocrx_word' id='word_1_183' title='bbox 389 1692 543 1745; x_wconf 75' lang='lat' dir='ltr'><strong>pleuris</strong></span> <span class='ocrx_word' id='word_1_184' title='bbox 571 1693 691 1735; x_wconf 81' lang='lat' dir='ltr'><strong>totis,</strong></span> <span class='ocrx_word' id='word_1_185' title='bbox 729 1690 845 1729; x_wconf 73' lang='lat' dir='ltr'><strong>eocrs&#39;s</strong></span> <span class='ocrx_word' id='word_1_186' title='bbox 880 1690 1123 1745; x_wconf 77' lang='lat' dir='ltr'><strong>pedibusque</strong></span> <span class='ocrx_word' id='word_1_187' title='bbox 1152 1690 1397 1729; x_wconf 80' lang='lat' dir='ltr'><strong>dilutissime</strong></span> <span class='ocrx_word' id='word_1_188' title='bbox 1412 1688 1753 1746; x_wconf 77' lang='lat' dir='ltr'><strong>flavescentibus,</strong></span> <span class='ocrx_word' id='word_1_189' title='bbox 1788 1691 1888 1730; x_wconf 79' lang='lat' dir='ltr'><strong>setis</strong></span> <span class='ocrx_word' id='word_1_190' title='bbox 1924 1691 2010 1731; x_wconf 78' lang='lat' dir='ltr'><strong>ton-</strong></span> 
     </span>
     <span class='ocr_line' id='line_1_42' title="bbox 388 1756 2012 1814; baseline 0.001 -16"><span class='ocrx_word' id='word_1_191' title='bbox 388 1756 575 1814; x_wconf 74' lang='lat' dir='ltr'><strong>gioribus</strong></span> <span class='ocrx_word' id='word_1_192' title='bbox 612 1757 755 1795; x_wconf 71' lang='lat' dir='ltr'><strong>tuorum</strong></span> <span class='ocrx_word' id='word_1_193' title='bbox 792 1756 998 1806; x_wconf 75' lang='lat' dir='ltr'><strong>tenuibus,</strong></span> <span class='ocrx_word' id='word_1_194' title='bbox 1023 1756 1235 1810; x_wconf 84' lang='lat' dir='ltr'><strong>semorum</strong></span> <span class='ocrx_word' id='word_1_195' title='bbox 1272 1759 1503 1795; x_wconf 75' lang='lat' dir='ltr'><strong>anticorum</strong></span> <span class='ocrx_word' id='word_1_196' title='bbox 1542 1761 1671 1795; x_wconf 83' lang='lat' dir='ltr'><strong>ternis</strong></span> <span class='ocrx_word' id='word_1_197' title='bbox 1700 1757 1763 1796; x_wconf 85' lang='lat' dir='ltr'><strong>vel</strong></span> <span class='ocrx_word' id='word_1_198' title='bbox 1788 1763 2012 1811; x_wconf 68' lang='lat' dir='ltr'><strong>quaternis,</strong></span> 
     </span>
    </p>
   </div>
   <div class='ocr_carea' id='block_1_9' title="bbox 382 1823 2011 1877">
    <p class='ocr_par' dir='ltr' id='par_1_12' title="bbox 382 1823 2011 1877">
     <span class='ocr_line' id='line_1_43' title="bbox 382 1823 2011 1877; baseline -0.001 -12"><span class='ocrx_word' id='word_1_199' title='bbox 382 1825 593 1877; x_wconf 81' lang='lat' dir='ltr'><strong>semorum</strong></span> <span class='ocrx_word' id='word_1_200' title='bbox 620 1827 873 1876; x_wconf 76' lang='lat' dir='ltr'><strong>postieornm</strong></span> <span class='ocrx_word' id='word_1_201' title='bbox 903 1824 1039 1871; x_wconf 68' lang='lat' dir='ltr'><strong>inultis,</strong></span> <span class='ocrx_word' id='word_1_202' title='bbox 1070 1826 1159 1863; x_wconf 74' lang='lat' dir='ltr'><strong>seta</strong></span> <span class='ocrx_word' id='word_1_203' title='bbox 1189 1828 1459 1862; x_wconf 77' lang='lat' dir='ltr'><strong>antennarum</strong></span> <span class='ocrx_word' id='word_1_204' title='bbox 1487 1823 1688 1874; x_wconf 76' lang='lat' dir='ltr'><strong>ptumam,</strong></span> <span class='ocrx_word' id='word_1_205' title='bbox 1718 1823 1797 1862; x_wconf 82' lang='lat' dir='ltr'><strong>atis</strong></span> <span class='ocrx_word' id='word_1_206' title='bbox 1819 1824 2011 1877; x_wconf 71' lang='lat' dir='ltr'><strong>hyalinis.</strong></span> 
     </span>
    </p>
   </div>
   <div class='ocr_carea' id='block_1_10' title="bbox 393 1888 1960 1946">
    <p class='ocr_par' dir='ltr' id='par_1_13' title="bbox 393 1888 1960 1946">
     <span class='ocr_line' id='line_1_44' title="bbox 393 1888 1960 1946; baseline -0.001 -14"><span class='ocrx_word' id='word_1_207' title='bbox 393 1897 510 1946; x_wconf 81' lang='lat' dir='ltr'><strong>apice</strong></span> <span class='ocrx_word' id='word_1_208' title='bbox 538 1905 589 1931; x_wconf 75' lang='lat' dir='ltr'><strong>ex</strong></span> <span class='ocrx_word' id='word_1_209' title='bbox 618 1894 776 1929; x_wconf 82' lang='lat' dir='ltr'><strong>cinereo</strong></span> <span class='ocrx_word' id='word_1_210' title='bbox 805 1889 1014 1944; x_wconf 71' lang='lat' dir='ltr'><strong>snbfiisco.</strong></span> <span class='ocrx_word' id='word_1_211' title='bbox 1045 1913 1097 1918; x_wconf 93' lang='lat'><strong>-—</strong></span> <span class='ocrx_word' id='word_1_212' title='bbox 1131 1889 1256 1944; x_wconf 81' lang='lat' dir='ltr'><strong>Long.</strong></span> <span class='ocrx_word' id='word_1_213' title='bbox 1286 1902 1397 1943; x_wconf 88' lang='lat' dir='ltr'><strong>corp.</strong></span> <span class='ocrx_word' id='word_1_214' title='bbox 1429 1888 1455 1928; x_wconf 86' lang='lat'><strong>3</strong></span> <span class='ocrx_word' id='word_1_215' title='bbox 1477 1889 1559 1937; x_wconf 92' lang='lat' dir='ltr'><strong>lin.,</strong></span> <span class='ocrx_word' id='word_1_216' title='bbox 1592 1889 1699 1943; x_wconf 88' lang='lat' dir='ltr'><strong>long.</strong></span> <span class='ocrx_word' id='word_1_217' title='bbox 1730 1889 1782 1931; x_wconf 83' lang='lat' dir='ltr'><strong>al.</strong></span> <span class='ocrx_word' id='word_1_218' title='bbox 1812 1889 1865 1943; x_wconf 66' lang='lat'><strong>22}</strong></span> <span class='ocrx_word' id='word_1_219' title='bbox 1889 1890 1960 1932; x_wconf 86' lang='lat' dir='ltr'><strong>lin.</strong></span> 
     </span>
    </p>
   </div>
   <div class='ocr_carea' id='block_1_11' title="bbox 394 1965 2016 3025">
    <p class='ocr_par' dir='ltr' id='par_1_14' title="bbox 394 1965 2015 2695">
     <span class='ocr_line' id='line_1_45' title="bbox 508 1965 2011 2023; baseline 0.001 -16"><span class='ocrx_word' id='word_1_220' title='bbox 508 1968 618 2017; x_wconf 80' lang='lat' dir='ltr'><strong>Atra,</strong></span> <span class='ocrx_word' id='word_1_221' title='bbox 651 1965 792 2006; x_wconf 91' lang='lat' dir='ltr'><strong>nitida.</strong></span> <span class='ocrx_word' id='word_1_222' title='bbox 853 1965 984 2021; x_wconf 87' lang='lat' dir='ltr'><strong>Caput</strong></span> <span class='ocrx_word' id='word_1_223' title='bbox 1018 1980 1069 2007; x_wconf 82' lang='lat' dir='ltr'><strong>ex</strong></span> <span class='ocrx_word' id='word_1_224' title='bbox 1092 1966 1185 2007; x_wconf 89' lang='lat' dir='ltr'><strong>albo</strong></span> <span class='ocrx_word' id='word_1_225' title='bbox 1209 1966 1337 2006; x_wconf 81' lang='lat' dir='ltr'><strong>‹lilute</strong></span> <span class='ocrx_word' id='word_1_226' title='bbox 1358 1966 1603 2015; x_wconf 82' lang='lat' dir='ltr'><strong>flavescens,</strong></span> <span class='ocrx_word' id='word_1_227' title='bbox 1640 1966 1899 2021; x_wconf 77' lang='lat' dir='ltr'><strong>proboscide,</strong></span> <span class='ocrx_word' id='word_1_228' title='bbox 1930 1970 2011 2023; x_wconf 85' lang='lat' dir='ltr'><strong>pal-</strong></span> 
     </span>
     <span class='ocr_line' id='line_1_46' title="bbox 396 2031 2013 2090; baseline 0.001 -15"><span class='ocrx_word' id='word_1_229' title='bbox 396 2036 457 2090; x_wconf 91' lang='lat' dir='ltr'><strong>pis</strong></span> <span class='ocrx_word' id='word_1_230' title='bbox 486 2033 758 2086; x_wconf 82' lang='lat' dir='ltr'><strong>antennisque</strong></span> <span class='ocrx_word' id='word_1_231' title='bbox 788 2031 1090 2082; x_wconf 88' lang='lat' dir='ltr'><strong>concoloribus,</strong></span> <span class='ocrx_word' id='word_1_232' title='bbox 1118 2032 1205 2073; x_wconf 69' lang='lat' dir='ltr'><strong>seta</strong></span> <span class='ocrx_word' id='word_1_233' title='bbox 1235 2032 1441 2073; x_wconf 82' lang='lat' dir='ltr'><strong>antennali</strong></span> <span class='ocrx_word' id='word_1_234' title='bbox 1474 2033 1585 2086; x_wconf 66' lang='lat' dir='ltr'><strong>nigro</strong></span> <span class='ocrx_word' id='word_1_235' title='bbox 1616 2039 1656 2072; x_wconf 87' lang='lat' dir='ltr'><strong>et</strong></span> <span class='ocrx_word' id='word_1_236' title='bbox 1683 2034 2013 2089; x_wconf 61' lang='lat' dir='ltr'><strong>nigro-plumata.</strong></span> 
     </span>
     <span class='ocr_line' id='line_1_47' title="bbox 394 2100 2014 2155; baseline 0 -12"><span class='ocrx_word' id='word_1_237' title='bbox 394 2102 524 2143; x_wconf 85' lang='lat' dir='ltr'><strong>Frons</strong></span> <span class='ocrx_word' id='word_1_238' title='bbox 561 2101 696 2155; x_wconf 86' lang='lat' dir='ltr'><strong>nigra,</strong></span> <span class='ocrx_word' id='word_1_239' title='bbox 734 2113 881 2155; x_wconf 81' lang='lat' dir='ltr'><strong>opaca,</strong></span> <span class='ocrx_word' id='word_1_240' title='bbox 920 2100 1061 2141; x_wconf 87' lang='lat' dir='ltr'><strong>leviter</strong></span> <span class='ocrx_word' id='word_1_241' title='bbox 1099 2100 1449 2154; x_wconf 80' lang='lat' dir='ltr'><strong>albo-poltinosa,</strong></span> <span class='ocrx_word' id='word_1_242' title='bbox 1493 2100 1741 2153; x_wconf 84' lang='lat' dir='ltr'><strong>marginibus</strong></span> <span class='ocrx_word' id='word_1_243' title='bbox 1782 2100 2014 2143; x_wconf 72' lang='lat' dir='ltr'><strong>lateralibus</strong></span> 
     </span>
     <span class='ocr_line' id='line_1_48' title="bbox 396 2167 2013 2222; baseline -0.001 -13"><span class='ocrx_word' id='word_1_244' title='bbox 396 2169 526 2209; x_wconf 87' lang='lat' dir='ltr'><strong>dilute</strong></span> <span class='ocrx_word' id='word_1_245' title='bbox 556 2168 690 2218; x_wconf 79' lang='lat' dir='ltr'><strong>ssavis3</strong></span> <span class='ocrx_word' id='word_1_246' title='bbox 721 2168 908 2222; x_wconf 88' lang='lat' dir='ltr'><strong>occipitis</strong></span> <span class='ocrx_word' id='word_1_247' title='bbox 939 2167 1152 2207; x_wconf 82' lang='lat' dir='ltr'><strong>dimidium</strong></span> <span class='ocrx_word' id='word_1_248' title='bbox 1184 2168 1367 2221; x_wconf 82' lang='lat' dir='ltr'><strong>superins</strong></span> <span class='ocrx_word' id='word_1_249' title='bbox 1399 2180 1490 2206; x_wconf 86' lang='lat' dir='ltr'><strong>cnm</strong></span> <span class='ocrx_word' id='word_1_250' title='bbox 1520 2167 1674 2206; x_wconf 74' lang='lat' dir='ltr'><strong>vertice</strong></span> <span class='ocrx_word' id='word_1_251' title='bbox 1704 2171 1848 2209; x_wconf 77' lang='lat' dir='ltr'><strong>atrum,</strong></span> <span class='ocrx_word' id='word_1_252' title='bbox 1906 2167 2013 2208; x_wconf 75' lang='lat' dir='ltr'><strong>Tho-</strong></span> 
     </span>
     <span class='ocr_line' id='line_1_49' title="bbox 395 2233 2011 2289; baseline -0.001 -12"><span class='ocrx_word' id='word_1_253' title='bbox 395 2236 500 2277; x_wconf 87' lang='lat' dir='ltr'><strong>racis</strong></span> <span class='ocrx_word' id='word_1_254' title='bbox 529 2234 693 2278; x_wconf 86' lang='lat' dir='ltr'><strong>dorsum</strong></span> <span class='ocrx_word' id='word_1_255' title='bbox 716 2239 877 2289; x_wconf 75' lang='lat' dir='ltr'><strong>praeter</strong></span> <span class='ocrx_word' id='word_1_256' title='bbox 898 2233 1095 2288; x_wconf 78' lang='lat' dir='ltr'><strong>scapulas,</strong></span> <span class='ocrx_word' id='word_1_257' title='bbox 1126 2233 1340 2274; x_wconf 90' lang='lat' dir='ltr'><strong>scutellum</strong></span> <span class='ocrx_word' id='word_1_258' title='bbox 1363 2237 1404 2273; x_wconf 89' lang='lat' dir='ltr'><strong>et</strong></span> <span class='ocrx_word' id='word_1_259' title='bbox 1431 2237 1681 2273; x_wconf 90' lang='lat' dir='ltr'><strong>metanotum</strong></span> <span class='ocrx_word' id='word_1_260' title='bbox 1703 2237 1789 2273; x_wconf 84' lang='lat' dir='ltr'><strong>atra</strong></span> <span class='ocrx_word' id='word_1_261' title='bbox 1812 2239 1850 2274; x_wconf 91' lang='lat' dir='ltr'><strong>et</strong></span> <span class='ocrx_word' id='word_1_262' title='bbox 1874 2235 2011 2276; x_wconf 85' lang='lat' dir='ltr'><strong>nitida.</strong></span> 
     </span>
     <span class='ocr_line' id='line_1_50' title="bbox 398 2299 2012 2343; baseline -0.001 0"><span class='ocrx_word' id='word_1_263' title='bbox 398 2302 567 2343; x_wconf 85' lang='lat' dir='ltr'><strong>Pleurae</strong></span> <span class='ocrx_word' id='word_1_264' title='bbox 606 2306 718 2341; x_wconf 88' lang='lat' dir='ltr'><strong>totae</strong></span> <span class='ocrx_word' id='word_1_265' title='bbox 756 2315 806 2340; x_wconf 82' lang='lat' dir='ltr'><strong>ex</strong></span> <span class='ocrx_word' id='word_1_266' title='bbox 845 2300 937 2341; x_wconf 89' lang='lat' dir='ltr'><strong>albo</strong></span> <span class='ocrx_word' id='word_1_267' title='bbox 968 2301 1245 2342; x_wconf 82' lang='lat' dir='ltr'><strong>flavescentes.</strong></span> <span class='ocrx_word' id='word_1_268' title='bbox 1304 2299 1518 2340; x_wconf 87' lang='lat' dir='ltr'><strong>Abdomcn</strong></span> <span class='ocrx_word' id='word_1_269' title='bbox 1555 2303 1686 2339; x_wconf 84' lang='lat' dir='ltr'><strong>totum</strong></span> <span class='ocrx_word' id='word_1_270' title='bbox 1717 2305 1849 2340; x_wconf 88' lang='lat' dir='ltr'><strong>atrum</strong></span> <span class='ocrx_word' id='word_1_271' title='bbox 1882 2306 1923 2342; x_wconf 84' lang='lat' dir='ltr'><strong>et</strong></span> <span class='ocrx_word' id='word_1_272' title='bbox 1956 2303 2012 2342; x_wconf 92' lang='lat' dir='ltr'><strong>ni-</strong></span> 
     </span>
     <span class='ocr_line' id='line_1_51' title="bbox 396 2365 2013 2421; baseline -0.001 -11"><span class='ocrx_word' id='word_1_273' title='bbox 396 2371 539 2411; x_wconf 91' lang='lat' dir='ltr'><strong>tidum.</strong></span> <span class='ocrx_word' id='word_1_274' title='bbox 597 2368 737 2408; x_wconf 83' lang='lat' dir='ltr'><strong>Coxae</strong></span> <span class='ocrx_word' id='word_1_275' title='bbox 767 2367 896 2407; x_wconf 86' lang='lat' dir='ltr'><strong>dilute</strong></span> <span class='ocrx_word' id='word_1_276' title='bbox 930 2368 1207 2407; x_wconf 81' lang='lat' dir='ltr'><strong>flavescentes.</strong></span> <span class='ocrx_word' id='word_1_277' title='bbox 1268 2365 1396 2406; x_wconf 87' lang='lat' dir='ltr'><strong>Pedes</strong></span> <span class='ocrx_word' id='word_1_278' title='bbox 1425 2365 1686 2414; x_wconf 70' lang='lat' dir='ltr'><strong>concolores,</strong></span> <span class='ocrx_word' id='word_1_279' title='bbox 1718 2370 1828 2406; x_wconf 82' lang='lat' dir='ltr'><strong>setae</strong></span> <span class='ocrx_word' id='word_1_280' title='bbox 1857 2367 2013 2421; x_wconf 88' lang='lat' dir='ltr'><strong>longio-</strong></span> 
     </span>
     <span class='ocr_line' id='line_1_52' title="bbox 397 2425 2013 2488; baseline -0.001 -12"><span class='ocrx_word' id='word_1_281' title='bbox 397 2451 460 2478; x_wconf 88' lang='lat' dir='ltr'><strong>res</strong></span> <span class='ocrx_word' id='word_1_282' title='bbox 489 2436 624 2476; x_wconf 78' lang='lat' dir='ltr'><strong>fuscae</strong></span> <span class='ocrx_word' id='word_1_283' title='bbox 656 2434 719 2475; x_wconf 86' lang='lat' dir='ltr'><strong>vel</strong></span> <span class='ocrx_word' id='word_1_284' title='bbox 751 2434 1042 2488; x_wconf 61' lang='lat' dir='ltr'><strong>fusco-nigram</strong></span> <span class='ocrx_word' id='word_1_285' title='bbox 1080 2433 1234 2473; x_wconf 82' lang='lat' dir='ltr'><strong>femora</strong></span> <span class='ocrx_word' id='word_1_286' title='bbox 1272 2425 1571 2486; x_wconf 73' lang='lat' dir='ltr'><strong>antica&#39;prope</strong></span> <span class='ocrx_word' id='word_1_287' title='bbox 1609 2432 1735 2473; x_wconf 81' lang='lat' dir='ltr'><strong>basim</strong></span> <span class='ocrx_word' id='word_1_288' title='bbox 1774 2433 1876 2474; x_wconf 82' lang='lat' dir='ltr'><strong>infra</strong></span> <span class='ocrx_word' id='word_1_289' title='bbox 1916 2436 2013 2475; x_wconf 87' lang='lat' dir='ltr'><strong>setis</strong></span> 
     </span>
     <span class='ocr_line' id='line_1_53' title="bbox 399 2498 2015 2554; baseline -0.001 -10"><span class='ocrx_word' id='word_1_290' title='bbox 399 2503 524 2544; x_wconf 89' lang='lat' dir='ltr'><strong>ternis</strong></span> <span class='ocrx_word' id='word_1_291' title='bbox 545 2505 712 2551; x_wconf 80' lang='lat' dir='ltr'><strong>armata,</strong></span> <span class='ocrx_word' id='word_1_292' title='bbox 741 2502 895 2542; x_wconf 80' lang='lat' dir='ltr'><strong>femora</strong></span> <span class='ocrx_word' id='word_1_293' title='bbox 919 2500 1142 2554; x_wconf 86' lang='lat' dir='ltr'><strong>posteriora</strong></span> <span class='ocrx_word' id='word_1_294' title='bbox 1164 2501 1259 2541; x_wconf 82' lang='lat' dir='ltr'><strong>setis</strong></span> <span class='ocrx_word' id='word_1_295' title='bbox 1282 2498 1402 2539; x_wconf 86' lang='lat' dir='ltr'><strong>nullis</strong></span> <span class='ocrx_word' id='word_1_296' title='bbox 1430 2499 1641 2539; x_wconf 85' lang='lat' dir='ltr'><strong>instructa.</strong></span> <span class='ocrx_word' id='word_1_297' title='bbox 1692 2499 1793 2541; x_wconf 86' lang='lat' dir='ltr'><strong>Alae</strong></span> <span class='ocrx_word' id='word_1_298' title='bbox 1814 2500 2015 2554; x_wconf 74' lang='lat' dir='ltr'><strong>liyalinae,</strong></span> 
     </span>
     <span class='ocr_line' id='line_1_54' title="bbox 399 2565 2015 2622; baseline -0.001 -10"><span class='ocrx_word' id='word_1_299' title='bbox 399 2585 449 2612; x_wconf 85' lang='lat' dir='ltr'><strong>ex</strong></span> <span class='ocrx_word' id='word_1_300' title='bbox 482 2571 643 2611; x_wconf 87' lang='lat' dir='ltr'><strong>cinereo</strong></span> <span class='ocrx_word' id='word_1_301' title='bbox 674 2568 803 2609; x_wconf 81' lang='lat' dir='ltr'><strong>diluto</strong></span> <span class='ocrx_word' id='word_1_302' title='bbox 836 2569 1103 2617; x_wconf 80' lang='lat' dir='ltr'><strong>latescentes,</strong></span> <span class='ocrx_word' id='word_1_303' title='bbox 1140 2567 1254 2622; x_wconf 86' lang='lat' dir='ltr'><strong>apice</strong></span> <span class='ocrx_word' id='word_1_304' title='bbox 1288 2579 1340 2606; x_wconf 88' lang='lat' dir='ltr'><strong>ex</strong></span> <span class='ocrx_word' id='word_1_305' title='bbox 1370 2565 1536 2605; x_wconf 88' lang='lat' dir='ltr'><strong>cinereo</strong></span> <span class='ocrx_word' id='word_1_306' title='bbox 1567 2565 1696 2606; x_wconf 81' lang='lat' dir='ltr'><strong>dilute</strong></span> <span class='ocrx_word' id='word_1_307' title='bbox 1725 2567 1931 2610; x_wconf 78' lang='lat' dir='ltr'><strong>subfusco.</strong></span> <span class='ocrx_word' id='word_1_308' title='bbox 1962 2591 2015 2597; x_wconf 92' lang='lat'><strong>—-</strong></span> 
     </span>
     <span class='ocr_line' id='line_1_55' title="bbox 398 2634 1054 2695; baseline -0.005 -16"><span class='ocrx_word' id='word_1_309' title='bbox 398 2636 589 2694; x_wconf 80' lang='lat' dir='ltr'><strong>(English</strong></span> <span class='ocrx_word' id='word_1_310' title='bbox 619 2636 766 2685; x_wconf 66' lang='lat' dir='ltr'><strong>Riverg</strong></span> <span class='ocrx_word' id='word_1_311' title='bbox 797 2634 1054 2695; x_wconf 63' lang='lat' dir='ltr'><strong>Kennicoth)</strong></span> 
     </span>
    </p>

    <p class='ocr_par' dir='ltr' id='par_1_15' title="bbox 455 2696 2016 3025">
     <span class='ocr_line' id='line_1_56' title="bbox 511 2696 2016 2756; baseline -0.007 -10"><span class='ocrx_word' id='word_1_312' title='bbox 511 2703 646 2746; x_wconf 86' lang='lat' dir='ltr'><strong>Nota.</strong></span> <span class='ocrx_word' id='word_1_313' title='bbox 707 2702 958 2756; x_wconf 74' lang='lat' dir='ltr'><strong>Cordyturae</strong></span> <span class='ocrx_word' id='word_1_314' title='bbox 984 2703 1226 2755; x_wconf 72' lang='lat' dir='ltr'><strong>pleuriticos</strong></span> <span class='ocrx_word' id='word_1_315' title='bbox 1257 2713 1338 2740; x_wconf 87' lang='lat' dir='ltr'><strong>non</strong></span> <span class='ocrx_word' id='word_1_316' title='bbox 1368 2698 1580 2748; x_wconf 81' lang='lat' dir='ltr'><strong>absimilis,</strong></span> <span class='ocrx_word' id='word_1_317' title='bbox 1615 2698 1685 2738; x_wconf 91' lang='lat' dir='ltr'><strong>sed</strong></span> <span class='ocrx_word' id='word_1_318' title='bbox 1718 2696 1871 2738; x_wconf 85' lang='lat' dir='ltr'><strong>differt:</strong></span> <span class='ocrx_word' id='word_1_319' title='bbox 1907 2700 2016 2737; x_wconf 87' lang='lat' dir='ltr'><strong>setae</strong></span> 
     </span>
     <span class='ocr_line' id='line_1_57' title="bbox 455 2761 2016 2821; baseline -0.007 -7"><span class='ocrx_word' id='word_1_320' title='bbox 455 2771 684 2814; x_wconf 87' lang='lat' dir='ltr'><strong>antennalis</strong></span> <span class='ocrx_word' id='word_1_321' title='bbox 713 2769 798 2810; x_wconf 89' lang='lat' dir='ltr'><strong>basi</strong></span> <span class='ocrx_word' id='word_1_322' title='bbox 829 2768 961 2809; x_wconf 90' lang='lat' dir='ltr'><strong>minus</strong></span> <span class='ocrx_word' id='word_1_323' title='bbox 992 2768 1229 2816; x_wconf 62' lang='lat' dir='ltr'><strong>incrassata,</strong></span> <span class='ocrx_word' id='word_1_324' title='bbox 1259 2766 1395 2807; x_wconf 82' lang='lat' dir='ltr'><strong>fronte</strong></span> <span class='ocrx_word' id='word_1_325' title='bbox 1425 2770 1585 2821; x_wconf 83' lang='lat' dir='ltr'><strong>praeter</strong></span> <span class='ocrx_word' id='word_1_326' title='bbox 1612 2763 1812 2819; x_wconf 77' lang='lat' dir='ltr'><strong>margines</strong></span> <span class='ocrx_word' id='word_1_327' title='bbox 1832 2761 2016 2804; x_wconf 83' lang='lat' dir='ltr'><strong>laterales</strong></span> 
     </span>
     <span class='ocr_line' id='line_1_58' title="bbox 457 2830 2015 2894; baseline -0.008 -13"><span class='ocrx_word' id='word_1_328' title='bbox 457 2840 585 2894; x_wconf 61' lang='lat' dir='ltr'><strong>nigra,</strong></span> <span class='ocrx_word' id='word_1_329' title='bbox 612 2837 788 2893; x_wconf 88' lang='lat' dir='ltr'><strong>scapulis</strong></span> <span class='ocrx_word' id='word_1_330' title='bbox 819 2835 990 2891; x_wconf 82' lang='lat' dir='ltr'><strong>pallidis,</strong></span> <span class='ocrx_word' id='word_1_331' title='bbox 1022 2833 1166 2875; x_wconf 67' lang='lat' dir='ltr'><strong>vinula</strong></span> <span class='ocrx_word' id='word_1_332' title='bbox 1198 2833 1287 2874; x_wconf 66' lang='lat' dir='ltr'><strong>atra</strong></span> <span class='ocrx_word' id='word_1_333' title='bbox 1316 2832 1548 2889; x_wconf 87' lang='lat' dir='ltr'><strong>pleurarum</strong></span> <span class='ocrx_word' id='word_1_334' title='bbox 1580 2830 1702 2882; x_wconf 70' lang='lat' dir='ltr'><strong>nulla,</strong></span> <span class='ocrx_word' id='word_1_335' title='bbox 1731 2830 1903 2886; x_wconf 88' lang='lat' dir='ltr'><strong>pedibus</strong></span> <span class='ocrx_word' id='word_1_336' title='bbox 1931 2841 2015 2884; x_wconf 88' lang='lat' dir='ltr'><strong>gra-</strong></span> 
     </span>
     <span class='ocr_line' id='line_1_59' title="bbox 457 2897 2016 2958; baseline -0.008 -11"><span class='ocrx_word' id='word_1_337' title='bbox 457 2905 690 2955; x_wconf 87' lang='lat' dir='ltr'><strong>cilioribus,</strong></span> <span class='ocrx_word' id='word_1_338' title='bbox 724 2903 821 2945; x_wconf 81' lang='lat' dir='ltr'><strong>setis</strong></span> <span class='ocrx_word' id='word_1_339' title='bbox 853 2902 999 2958; x_wconf 89' lang='lat' dir='ltr'><strong>pedum</strong></span> <span class='ocrx_word' id='word_1_340' title='bbox 1031 2900 1286 2943; x_wconf 88' lang='lat' dir='ltr'><strong>tenuioribus</strong></span> <span class='ocrx_word' id='word_1_341' title='bbox 1323 2904 1365 2941; x_wconf 76' lang='lat' dir='ltr'><strong>et</strong></span> <span class='ocrx_word' id='word_1_342' title='bbox 1394 2900 1435 2940; x_wconf 90' lang='lat' dir='ltr'><strong>in</strong></span> <span class='ocrx_word' id='word_1_343' title='bbox 1470 2899 1602 2939; x_wconf 83' lang='lat' dir='ltr'><strong>infero</strong></span> <span class='ocrx_word' id='word_1_344' title='bbox 1633 2897 1832 2938; x_wconf 77' lang='lat' dir='ltr'><strong>remorum</strong></span> <span class='ocrx_word' id='word_1_345' title='bbox 1862 2897 2016 2936; x_wconf 86' lang='lat' dir='ltr'><strong>antico-</strong></span> 
     </span>
     <span class='ocr_line' id='line_1_60' title="bbox 457 2962 2016 3025; baseline -0.008 -11"><span class='ocrx_word' id='word_1_346' title='bbox 457 2987 546 3014; x_wconf 89' lang='lat' dir='ltr'><strong>rum</strong></span> <span class='ocrx_word' id='word_1_347' title='bbox 588 2972 717 3013; x_wconf 84' lang='lat' dir='ltr'><strong>latere</strong></span> <span class='ocrx_word' id='word_1_348' title='bbox 758 2970 1037 3025; x_wconf 89' lang='lat' dir='ltr'><strong>paucioribus,</strong></span> <span class='ocrx_word' id='word_1_349' title='bbox 1071 2969 1186 3010; x_wconf 87' lang='lat' dir='ltr'><strong>venis</strong></span> <span class='ocrx_word' id='word_1_350' title='bbox 1215 2968 1368 3008; x_wconf 85' lang='lat' dir='ltr'><strong>alarum</strong></span> <span class='ocrx_word' id='word_1_351' title='bbox 1400 2967 1534 3007; x_wconf 89' lang='lat' dir='ltr'><strong>miuus</strong></span> <span class='ocrx_word' id='word_1_352' title='bbox 1565 2964 1767 3012; x_wconf 87' lang='lat' dir='ltr'><strong>obscuris,</strong></span> <span class='ocrx_word' id='word_1_353' title='bbox 1803 2964 1915 3004; x_wconf 82' lang='lat' dir='ltr'><strong>venis</strong></span> <span class='ocrx_word' id='word_1_354' title='bbox 1946 2962 2016 3003; x_wconf 86' lang='lat' dir='ltr'><strong>de·</strong></span> 
     </span>
    </p>
   </div>
   <div class='ocr_carea' id='block_1_12' title="bbox 459 3030 1959 3138">
    <p class='ocr_par' dir='ltr' id='par_1_16' title="bbox 459 3030 1959 3138">
     <span class='ocr_line' id='line_1_61' title="bbox 459 3030 1959 3094; baseline -0.008 -12"><span class='ocrx_word' id='word_1_355' title='bbox 459 3042 583 3094; x_wconf 82' lang='lat' dir='ltr'><strong>nique</strong></span> <span class='ocrx_word' id='word_1_356' title='bbox 613 3038 854 3080; x_wconf 79' lang='lat' dir='ltr'><strong>transversis</strong></span> <span class='ocrx_word' id='word_1_357' title='bbox 886 3037 1029 3077; x_wconf 81' lang='lat' dir='ltr'><strong>latiore</strong></span> <span class='ocrx_word' id='word_1_358' title='bbox 1059 3036 1274 3077; x_wconf 78' lang='lat' dir='ltr'><strong>intervallo</strong></span> <span class='ocrx_word' id='word_1_359' title='bbox 1305 3034 1552 3075; x_wconf 83' lang='lat' dir='ltr'><strong>distantibus</strong></span> <span class='ocrx_word' id='word_1_360' title='bbox 1582 3038 1622 3073; x_wconf 89' lang='lat' dir='ltr'><strong>et</strong></span> <span class='ocrx_word' id='word_1_361' title='bbox 1652 3045 1734 3072; x_wconf 88' lang='lat' dir='ltr'><strong>non</strong></span> <span class='ocrx_word' id='word_1_362' title='bbox 1765 3030 1959 3071; x_wconf 74' lang='lat' dir='ltr'><strong>limbatis.</strong></span> 
     </span>
     <span class='ocr_line' id='line_1_62' title="bbox 1662 3098 1738 3138; baseline 0 0"><span class='ocrx_word' id='word_1_363' title='bbox 1662 3098 1738 3138; x_wconf 78' lang='lat'><strong>12·</strong></span> 
     </span>
    </p>
   </div>
   <div class='ocr_carea' id='block_1_13' title="bbox 0 0 2536 3584">
    <p class='ocr_par' dir='ltr' id='par_1_17' title="bbox 0 0 2536 3584">
     <span class='ocr_line' id='line_1_63' title="bbox 0 0 2536 3584; baseline 0 0"><span class='ocrx_word' id='word_1_364' title='bbox 0 0 2536 3584; x_wconf 95' lang='lat' dir='ltr'><strong> </strong></span> 
     </span>
    </p>
   </div>
  </div>
 </body>
</html>
