2528 3584
568 225 648 267 18⁴
1086 234 1088 237 ’
1158 223 1209 266 ΙΙ.
1243 223 1379 264 Lam.-
1412 222 1589 276 Diptera

567 336 694 378 basim
724 333 829 377 rufa.
887 333 1026 376 Facies
1054 347 1107 375 ex
1129 331 1240 375 luteo
1269 332 1470 383 albicans,
1498 344 1624 387 genae
1655 331 1761 374 latae
1781 329 2040 381 concolores,
2070 334 2177 373 setae

568 403 821 459 mystaeinea
843 401 963 442 binae
986 398 1248 455 subaequales
1280 399 1433 454 nigrae,
1463 398 1636 452 adjectis
1655 398 1798 440 setulis
1827 397 1983 454 aliquot
2014 397 2178 439 minutis

569 470 708 525 nigris.
767 467 882 522 Palpi
911 465 993 508 albi
1025 470 1063 507 el
1093 464 1338 521 albo-pilosi.
1397 464 1600 521 Occipins
1635 465 1847 506 dimidium
1877 464 2044 507 interius
2074 464 2179 505 albo-

570 535 756 592 pilosum.
814 532 1009 575 Thoracis
1038 532 1202 573 dorsum
1234 531 1405 582 luscum,
1435 531 1589 588 polline
1620 531 1731 574 luteo
1761 545 1981 588 aspersum.
2009 531 2180 587 subopa·

570 616 678 651 cum,
707 600 800 657 pilis
829 604 869 641 et
898 599 997 641 selis
1026 598 1218 640 tenuibus
1249 598 1387 653 nigris,
1418 597 1665 653 marginibus
1691 598 1927 639 lateralibus
1956 597 2035 639 late
2057 597 2180 639 luteo·

572 668 759 711 limbatis.
817 664 1046 708 Scutellum
1078 665 1248 715 luscum,
1279 665 1694 719 luteo-marginatum,
1731 665 1823 720 pilis
1855 664 2042 706 brevibus
2072 665 2182 706 setis-

571 748 651 790 que
679 739 855 788 quatuor
884 732 1010 787 nigris
1039 733 1295 773 instructum.
1357 730 1523 773 Pleurae
1554 730 1712 783 luteae,
1749 731 1934 773 obsolete
1968 732 2181 787 nigro-ma-

571 800 744 850 culatae,
773 798 1131 854 albo-pollinosae3
1161 803 1272 840 setae
1294 798 1523 840 ordinariae
1544 799 1701 854 nigrae,
1732 798 1802 854 pili
1834 798 1928 848 rari,
1950 798 2183 847 tenuissimi,

572 868 612 909 in
650 866 860 922 superiore
895 865 1126 921 pleurarum
1164 865 1334 906 dimidio
1372 865 1640 920 nigrimntes,
1687 866 1727 906 in
1767 866 1959 906 inferiore
1998 864 2183 920 pallidae.

574 933 789 976 Abdomen
829 932 1009 981 fuscum,
1046 932 1200 982 nitens,
1236 933 1457 987 segmentis
1490 936 1610 973 sexto
1646 936 1686 974 et
1722 932 1901 987 septimo
1936 944 2027 972 cum
2060 931 2184 986 hypo-

574 1000 700 1056 pygio
731 998 872 1049 luteis3
902 998 985 1040 lobi
1015 998 1213 1052 segmenti
1243 997 1511 1040 abdominalis
1543 998 1672 1039 ultimi
1706 999 1866 1053 magni,
1904 998 2036 1048 ovati,
2074 996 2184 1040 lutei.

573 1067 714 1108 Coxae
745 1066 905 1107 anticae
934 1065 1094 1107 albidae
1125 1068 1166 1105 et
1196 1063 1484 1120 albo-pilosae,
1522 1078 1650 1105 coxae
1690 1066 1939 1121 posteriores
1974 1065 2102 1106 diluto
2132 1064 2186 1105 ln-

576 1136 798 1182 tescentes,
836 1132 926 1187 pilis
956 1130 1246 1173 concolor-ibus
1282 1130 1435 1182 hirtae,
1473 1131 1512 1171 in
1555 1130 1679 1172 latere
1709 1132 1913 1173 exteriore
1946 1136 2073 1172 sctam
2106 1132 2187 1172 uni·

575 1213 663 1241 cam
702 1200 857 1253 nigram
893 1203 1101 1255 gerenies,
1151 1197 1402 1253 poeticorum
1441 1197 1557 1253 apice
1598 1203 1809 1253 praeterea
1849 1197 1943 1253 pilis
1985 1197 2189 1239 nonnullis

576 1265 764 1308 brevibus
794 1265 921 1320 nigris
950 1278 1128 1320 asperso.
1190 1263 1315 1306 Pedes
1346 1265 1609 1314 luteseentes‚
1639 1264 1749 1306 tibiis
1770 1264 2022 1306 intermediis
2051 1263 2187 1305 adver-

575 1346 643 1376 sus
680 1331 808 1373 basim
854 1332 1053 1385 tersisque
1089 1331 1236 1372 aulicis
1280 1331 1472 1373 adversus
1520 1331 1675 1386 apicem
1721 1332 1925 1373 levissime
1970 1330 2190 1380 inl'inscatis,

576 1399 695 1442 tarsis
724 1398 890 1454 posticis
920 1398 1235 1439 obscurioribus.
1294 1397 1417 1439 Setae
1446 1398 1596 1453 pedum
1625 1411 1804 1453 paucae,
1845 1404 2000 1447 tenues,
2035 1398 2191 1452 nigrae,

577 1467 650 1524 pili
678 1466 834 1514 breves,
866 1466 905 1505 in
937 1464 1137 1505 femorum
1168 1463 1250 1504 basi
1281 1470 1318 1505 et
1352 1465 1533 1519 margine
1563 1464 1691 1505 infem
1722 1464 1875 1520 pallidi,
1906 1464 2048 1518 reliqui
2076 1463 2190 1519 nigri.

580 1533 679 1575 Alae
708 1545 830 1586 quam
858 1534 1120 1572 Scaeinarum
1152 1531 1356 1573 breviores
1386 1536 1426 1572 et
1457 1531 1635 1580 latiares,
1663 1532 1950 1586 subliyalinae‚
1978 1532 2115 1573 colore
2142 1545 2191 1572 cx

580 1601 805 1641 lutescente
845 1598 1008 1639 cinereo
1047 1597 1190 1638 leviter
1228 1598 1400 1647 tinctae;
1446 1611 1641 1638 venarum
1679 1598 1793 1640 color
1830 1598 1965 1640 fuscus
2002 1599 2192 1639 adversus

580 1667 709 1708 basim
737 1678 812 1720 per
840 1664 1075 1705 subfuscum
1106 1665 1146 1704 in
1178 1664 1331 1705 luteum
1365 1668 1565 1712 mutatur,
1605 1678 1729 1706 venae
1768 1669 2020 1706 transversae
2057 1663 2192 1706 colore

579 1732 770 1775 subfusco
803 1731 884 1772 late
913 1729 1124 1778 limbatae;
1157 1744 1259 1785 apex
1291 1731 1530 1773 cellularum
1563 1731 1794 1787 nial-ginalis
1814 1737 1855 1774 et
1885 1730 2193 1786 submerginalis

580 1800 675 1849 late,
704 1796 876 1840 cellulae
905 1797 1144 1853 posterioris
1175 1799 1330 1852 primae
1360 1797 1569 1853 angustius
1605 1798 1743 1840 colore
1771 1798 1984 1849 subfusco,
2023 1799 2063 1839 in
2097 1811 2190 1838 inar-

579 1867 672 1922 gine
708 1863 852 1920 apieali
890 1863 1062 1915 cell-ulae
1097 1864 1408 1920 subniarginalis
1445 1868 1738 1916 evanescente,
1783 1865 1944 1907 tinctus.
1984 1889 2032 1895 —-
2071 1863 2192 1918 (New

580 1930 856 1987 Hampsliire.)

690 2054 757 2096 97.
788 2054 1052 2093 Loxocern
1080 2053 1310 2103 conaris,
1340 2067 1434 2095 nov.
1463 2068 1522 2109 sp.
1555 2051 1596 2099 ἅ
1626 2059 1667 2095 et
1697 2052 1741 2099 Ω.
1776 2077 1824 2084 -
1858 2055 1926 2095 Ex
1953 2056 2060 2095 luteo
2079 2053 2194 2109 rusa,

579 2126 769 2162 antennis
800 2122 1055 2176 longissimis
1079 2126 1246 2171 praeter
1273 2120 1401 2161 busim
1430 2126 1589 2177 nigris,
1627 2123 1810 2163 thoracis
1844 2128 2031 2178 margine
2058 2126 2195 2162 arctico

578 2190 775 2229 latissime
804 2194 841 2228 et
872 2188 1084 2229 abdomine
1108 2190 1195 2238 fere
1225 2193 1313 2227 tolo
1341 2189 1467 2237 utris,
1506 2190 1585 2228 alls
1621 2191 1847 2244 aequaliter
1883 2190 2193 2230 Iuleo-cinerei&

582 2279 632 2287 —
664 2254 790 2311 Long.
821 2269 934 2311 corp.
965 2252 1007 2301 <I
1042 2255 1105 2307 ¹39
1136 2253 1167 2298 Ω
1197 2254 1279 2306 21⁷1,-
1301 2254 1385 2305 lin.,
1418 2254 1525 2309 long.
1557 2254 1606 2295 al.
1642 2256 1792 2309 lg—‘z
1818 2256 1888 2298 lin.

690 2334 823 2389 Caput
860 2334 1039 2384 luteum,
1073 2347 1248 2388 superne
1287 2334 1440 2381 rufum,
1480 2333 1668 2388 occipitis
1704 2334 1872 2376 dimidio
1909 2334 2118 2389 superiore
2156 2336 2193 2372 et

582 2401 783 2455 lriangulo
822 2400 987 2442 ocellari
1025 2414 1269 2455 permagno,
1306 2401 1356 2440 ad
1397 2401 1580 2441 anticum
1620 2414 1747 2454 usque
1786 2400 1934 2442 frontis
1973 2400 2193 2455 marginem

581 2467 811 2522 pertinente
855 2467 953 2508 atris
997 2471 1039 2507 et
1083 2468 1235 2508 nitidis.
1304 2467 1502 2521 Margines
1545 2467 1731 2508 lalerales
1777 2467 1894 2508 faciei
1939 2465 2194 2522 albo-polli-

582 2534 689 2582 nosi,
724 2534 826 2575 vitta
856 2534 989 2575 media
1020 2534 1170 2583 nitida,
1206 2539 1388 2575 salui-ale
1427 2533 1537 2575 fusca
1579 2533 1642 2574 vel
1683 2533 1803 2588 nigra.
1866 2535 2083 2576 Antennae
2114 2534 2194 2574 lon-

580 2601 779 2656 gissimae,
810 2600 966 2654 nigrae,
1005 2600 1186 2641 articulis
1218 2591 1356 2656 primis
1387 2601 1545 2642 duobus
1578 2614 1669 2641 cum
1701 2600 1785 2642 basi
1816 2601 1922 2643 tertii
1954 2599 2196 2651 luteo-ruiis,

580 2667 666 2708 seta
711 2666 862 2723 pallide
898 2667 1164 2715 flavescente,
1210 2667 1390 2708 breviter
1434 2667 1702 2722 pubescente,
1747 2668 1958 2709 dimidiam
1996 2673 2197 2709 antennae

580 2734 880 2789 longitudinem
923 2735 992 2775 vix
1034 2735 1270 2788 attingente.
1336 2734 1502 2776 Thorax
1542 2734 1673 2784 rufus,
1721 2736 1829 2776 dorsi
1872 2740 2007 2777 lamen
2050 2736 2197 2777 triente

581 2801 717 2842 antico
747 2806 848 2842 atro.
908 2801 1150 2842 Abdominis
1179 2800 1292 2841 color
1318 2806 1404 2843 ater
1425 2803 1616 2842 adversus
1646 2802 1769 2843 latera
1802 2807 1841 2842 et
1881 2807 2100 2857 marginem
2131 2815 2197 2841 an·

581 2869 707 2908 ticum
744 2867 946 2922 segmenti
985 2867 1154 2908 secundi
1192 2868 1233 2907 in
1269 2881 1376 2909 mare
1407 2868 1651 2918 obsoletius,
1687 2869 1727 2909 iu
1759 2868 1936 2910 foemina
1968 2868 2196 2910 distinctius

582 2934 623 2985 in
661 2934 794 2985 rufum
833 2938 1026 2986 mutatur,
1093 2933 1221 2983 Pedes
1258 2934 1386 2977 dilutc
1421 2935 1544 2986 lutei,
1582 2935 1805 2988 semoribus
1840 2937 2032 2978 adversus
2069 2934 2196 2975 basim

2427 1923 2528 1958 villu

2427 1986 2528 2024 lutei

2428 2066 2528 2091 verm

2355 2139 2359 2145 ⁵
2432 2118 2528 2172 '1001

2433 2264 2526 2306 colo

2435 2332 2528 2373 midi

2434 2412 2524 2439 sum

2437 2471 2522 2506 tatu

2437 2533 2486 2574 ad
2519 2546 2528 2573 ε

2440 2599 2528 2641 ΡΙοι

2440 2671 2528 2707 nata

2440 2738 2523 2774 tam

2441 2801 2528 2841 cine

2444 2873 2483 2908 el
2516 2882 2528 2905 i

2445 2934 2528 2975 lim!
