2456 3584
0 416 198 467 margines

0 492 44 518 ue
62 483 198 535 nigro-

0 546 199 603 laurumque

0 743 199 785 i-micante

0 822 75 864 que
101 810 199 852 albis

0 890 76 927 'ae,
111 879 199 918 arti-

0 957 65 983 ›us
83 945 199 985 simul

0 1014 23 1051 ts
44 1011 201 1052 duobus

0 1091 61 1118 rso
93 1078 201 1119 vittis

0 1144 200 1198 do-possb

0 1224 23 1259 e,
55 1211 201 1265 polline

0 1278 199 1320 albicante.

0 1360 26 1393 ι,
57 1345 202 1396 rufum,

0 1411 64 1453 sis.
122 1411 201 1465 Hy·

4 1494 15 1526 ς
52 1477 201 1519 femora

0 1544 201 1599 ;ro-fusca;

2 1625 111 1661 scaeg
146 1625 202 1652 ar-

0 1679 19 1718 i.
81 1676 202 1719 Pedes

17 1743 200 1786 Halteres

13 1826 51 1853 m
81 1811 200 1866 paulo

26 1878 88 1920 lae
114 1878 202 1919 sub-

4 1960 68 1987 us
90 1945 204 1986 valde

31 2092 122 2129 osa,
163 2078 202 2119 in

40 2145 205 2187 maculis

35 2213 136 2254 Alae
165 2218 205 2252 ut

18 2280 95 2320 aris
116 2293 205 2320 con·

9 2348 90 2387 uuis
112 2346 205 2387 mari

11 2500 37 2533 :‚
67 2480 209 2537 quibus

12 2568 14 2581 =
45 2547 211 2590 cellulae

23 2619 97 2656 est.
153 2614 212 2655 Ac

18 2700 25 2718 :
53 2682 212 2736 quidem

48 2747 214 2789 Wiener

16 2829 110 2856 uae
130 2815 214 2869 jure

59 2883 120 2923 vir
149 2882 216 2921 do·

39 2962 92 2989 on
115 2953 216 2989 esset

23 3014 219 3071 exemplis

28 3098 75 3122 ns
98 3083 220 3137 igitur

915 264 1128 303 Americae
1158 263 1501 315 septentrionali&
1963 262 2018 303 65

408 378 484 419 boc
512 390 641 432 genus
678 375 934 424 nominetur,
969 375 1082 429 cujus
1120 373 1220 415 civis
1260 374 1348 429 ipsa
1385 374 1459 414 ista
1493 375 1689 415 De‘octra'u
1723 378 2016 427 ocloptmceata

405 449 473 484 est.
530 444 613 485 Has
642 447 777 484 autem
809 443 967 497 generis
996 447 1114 483 notas
1145 442 1323 483 maxime
1352 441 1528 494 insignes
1556 442 1766 483 babemust
1801 440 1843 492 1)
1865 442 2018 496 apicem

406 511 594 552 tibiarum
640 509 867 550 anticarum
905 509 1018 565 spina
1057 514 1279 558 armatum3
1323 508 1367 559 2)
1403 509 1632 549 universam
1670 510 1812 564 capitis
1849 508 2019 548 sormam

408 578 613 618 Diocli-iis
647 576 842 626 similem,
886 576 1123 632 praesertim
1161 576 1373 628 mystacis,
1419 575 1690 630 proboscidis,
1728 580 2020 623 antennarunu

405 645 449 697 3)
478 646 678 685 abdomen
711 644 826 684 valde
857 656 1085 684 convexum
1117 643 1269 696 ubique
1298 642 1394 683 setis
1424 643 1675 689 destitutum,
1714 642 1803 696 pilis
1835 642 2020 683 brevissi—

408 712 481 752 mis
510 712 690 752 obsitum
719 716 755 751 et
790 714 1049 766 punctatum,
1081 711 1128 761 4)
1160 709 1349 750 tibiarum
1382 710 1626 764 posticarum
1651 709 1806 763 apicem
1827 710 2020 750 incrassa-

407 783 491 819 tum
521 784 562 820 et
593 783 721 819 tarsos
752 777 937 831 posticos
967 776 1295 827 robustissimosg
1333 776 1378 828 5)
1408 776 1574 818 cellulas
1603 777 1754 817 alarum
1777 778 2023 831 posteriores

408 859 546 886 omnes
577 844 661 885 late
691 850 864 899 apertas.

517 912 703 954 Alterum
749 912 893 952 horum
933 912 1354 966 Dasypogoninorum
1399 924 1527 963 genus
1569 910 1669 952 illud
1708 916 1787 959 est,
1833 911 1941 966 quod
1981 912 2021 952 in

409 978 525 1019 Cent.
558 978 646 1019 Vll.
680 980 898 1033 Pygoseolae'
935 980 1099 1020 nomine
1131 978 1295 1019 condidi
1327 983 1368 1018 et
1398 979 1506 1019 notis
1538 979 1713 1019 breviter
1741 979 1932 1020 indicatis
1961 978 2023 1019 fir-

410 1047 526 1087 mavi.
586 1044 748 1099 Quum,
779 1046 887 1101 quod
919 1045 1140 1087 Schinerus
1170 1049 1280 1086 recte
1313 1045 1436 1095 vidit,
1476 1046 1515 1085 in
1549 1048 1710 1087 nomine
1739 1046 1928 1100 lingendo
1960 1060 2024 1085 ne-

410 1112 604 1166 glexerim
635 1113 683 1153 ab
714 1112 906 1166 Halidajo
937 1113 1014 1167 jam
1047 1112 1449 1167 Hymenopterorum
1481 1127 1603 1168 genus
1635 1114 1909 1167 Pygostolum
1941 1127 2025 1153 esse

415 1179 675 1234 appellatum,
706 1194 781 1235 pro
813 1194 904 1221 meo
939 1180 1166 1235 Pygoslolo
1194 1178 1441 1229 „Nicoclew
1475 1181 1707 1233 ponendum
1739 1184 1813 1230 est,
1843 1194 1925 1234 quo
1957 1193 2024 1219 no·

411 1247 516 1288 mine
533 1247 807 1288 Jaennickeus
838 1248 918 1301 jam
949 1248 1123 1302 speciem
1155 1246 1359 1300 quandam
1382 1246 1633 1287 Mexicanam
1656 1247 1882 1301 descripsit.
1941 1245 2025 1286 Hoc

412 1327 534 1367 genus
570 1328 591 1353 a
625 1313 848 1368 Macquarti
882 1315 1222 1368 Brachyrhopald
1250 1313 1387 1367 (Dipt,
1427 1318 1537 1354 exot.
1569 1313 1711 1369 Suppl.
1745 1314 1812 1366 ll.)
1843 1327 1924 1354 non
1957 1314 2024 1353 dit-

412 1380 516 1421 ferre
544 1381 769 1421 Seliinerus
799 1383 1003 1436 opinatur.
1065 1384 1120 1422 At
1141 1381 1181 1421 in
1203 1395 1251 1422 eo
1274 1381 1375 1420 mire
1395 1385 1517 1421 errat.
1576 1380 1676 1421 Nam
1698 1394 1821 1434 quum
1848 1381 2026 1433 Brarhy-

412 1449 605 1501 rhopalae
633 1447 834 1489 abdomen
867 1448 1045 1489 breviter
1071 1447 1275 1488 clavatum
1297 1448 1323 1488 i.
1348 1462 1381 1489 e.
1402 1449 1475 1488 sub
1498 1448 1650 1501 apicem
1674 1449 1854 1500 undique
1874 1448 2025 1487 ambitu

415 1521 576 1556 auctum
607 1515 674 1566 sit,
704 1517 744 1555 in
778 1516 1019 1570 Pygostolie
1046 1530 1077 1557 s.
1109 1514 1347 1555 Nicoclilms
1376 1515 1576 1555 abdomen
1605 1515 1752 1555 sensim
1776 1520 1815 1556 et
1838 1515 2028 1554 distincti·

415 1583 575 1638 quidem
599 1583 770 1630 latescit,
791 1583 861 1624 sed
885 1583 1034 1637 ubique
1054 1583 1337 1637 planissimum
1356 1587 1507 1632 manet,
1527 1595 1645 1635 quam
1664 1580 2025 1622 conformationem

415 1651 504 1704 quis
532 1664 708 1704 unquam
739 1649 939 1690 clavatam
970 1650 1103 1691 dicet?
1132 1649 1306 1690 Videtur
1335 1649 1558 1690 Schinerus
1588 1649 1900 1702 descriptionem
1926 1649 2028 1687 Bra-

416 1719 683 1771 cbyrhopolae
712 1717 819 1772 apud
854 1716 1134 1770 Macquartum
1166 1730 1247 1757 non
1278 1717 1327 1757 ad
1351 1714 1474 1756 finem
1501 1729 1627 1768 usque
1647 1716 1885 1771 perlegisse;
1916 1716 2030 1757 aliter

417 1785 524 1825 enim
562 1784 703 1825 videre
737 1783 933 1833 debebat,
973 1785 1337 1838 Brachyrhopatne
1374 1783 1574 1823 abdomen
1615 1783 1791 1824 breviter
1827 1784 2029 1824 clavatum

418 1852 641 1904 (abdomen
676 1853 697 1892 a
728 1856 870 1892 courte
900 1851 1074 1902 massue)
1105 1851 1329 1904 adsignari,
1367 1850 1487 1903 quale
1518 1851 1770 1904 Pygoslolus
1800 1851 1920 1905 plane
1950 1865 2029 1891 non

419 1919 560 1967 babet5
598 1918 695 1973 quid
735 1918 845 1972 quod
878 1919 1009 1972 ipsum
1040 1918 1403 1971 Brachyrlaopntae
1436 1931 1585 1958 nomen
1618 1917 1720 1958 banc
1752 1923 1938 1959 naturam
1969 1918 2030 1958 ab·

417 1985 589 2026 dominis
612 1985 807 2026 denotat?
830 1983 877 2024 Et
898 1999 1019 2039 quam
1041 1998 1204 2026 causam
1227 1984 1415 2025 habuerit
1430 1984 1651 2025 Schinerus
1670 1990 1872 2040 perpetuo
1894 1985 2031 2034 „Bra-

417 2054 688 2105 θήρῃ-Ιιοροιιι(ὁ
718 2051 938 2102 scribendi,
969 2052 1173 2107 explicent
1207 2052 1287 2092 alii.
1346 2051 1606 2105 Macquartus
1636 2056 1842 2106 praeterea
1865 2051 1915 2092 de
1935 2051 2034 2093 facie

417 2119 537 2168 nuda,
567 2123 751 2171 mysiace
781 2118 970 2173 simplici,
1000 2124 1269 2159 antennarum
1301 2118 1412 2173 stylo
1431 2119 1710 2163 subobsoleto,
1741 2118 1887 2159 venula
1909 2123 2033 2159 trans-

419 2187 529 2227 versa
574 2187 615 2227 in
663 2186 793 2240 primo
831 2185 1000 2227 cellulae
1037 2185 1269 2228 discoidalis
1306 2186 1456 2227 triente
1499 2187 1626 2237 posita
1667 2185 1860 2240 loquitur.
1932 2185 2033 2226 Num

419 2253 613 2306 potuisset
653 2253 707 2293 ita
744 2252 976 2294 describere
1005 2254 1226 2308 Pygoslolae'
1257 2252 1481 2305 (Nicoclis)
1516 2257 1641 2293 totam
1675 2253 1817 2293 faciem
1849 2253 2034 2308 pilosam,

419 2324 640 2372 mystacem
670 2319 763 2360 ideo
793 2333 876 2360 non
906 2319 1150 2374 simplicem,
1186 2320 1341 2374 stylum
1373 2325 1639 2360 antennarum
1672 2319 2034 2369 distinctissimuvn,

420 2386 605 2426 venulam
645 2390 915 2427 transversam
949 2387 987 2426 in
1018 2387 1166 2427 ultimo
1198 2386 1369 2427 cellulae
1398 2386 1628 2427 discoidalis
1659 2387 1809 2427 triente
1840 2387 1908 2426 vel
1938 2388 2036 2428 adeo

418 2452 520 2494 ultra
552 2453 824 2494 collocatam?
863 2452 1052 2508 Denique
1090 2454 1454 2508 Brachyrhopalae
1493 2454 1586 2493 tarsi
1616 2454 1738 2494 antici
1770 2454 2034 2495 robustissimi

417 2524 529 2570 sunt,
568 2521 692 2575 pedes
729 2521 878 2575 postici
908 2535 991 2561 non
1022 2520 1220 2575 elongati,
1248 2522 1504 2577 Pygostolus
1543 2520 1664 2576 pedes
1696 2521 1874 2575 postieos
1915 2521 2034 2561 babet

418 2588 627 2643 elongatos
665 2602 757 2629 cum
794 2588 913 2629 tarsis
950 2588 1051 2627 mire
1093 2587 1291 2638 robustis,
1329 2602 1454 2642 quum
1494 2588 1641 2643 pedum
1680 2589 1908 2628 anticorum
1947 2603 2037 2629 con-

418 2654 608 2696 formatio
644 2656 694 2696 sit
731 2655 949 2696 ordinaria.
1013 2654 1143 2696 Tanta
1183 2654 1460 2696 discriminum
1500 2655 1621 2696 series
1659 2655 2036 2709 Brachyrhopatnm

420 2727 462 2762 et
493 2723 760 2777 Pygostolum
792 2723 832 2762 in
864 2736 990 2763 unum
1021 2735 1148 2777 genus
1179 2723 1370 2777 conjungi
1404 2723 1629 2763 certissime
1658 2723 1790 2763 vetat!

528 2789 713 2831 Tertium
759 2789 905 2830 horum
944 2789 1365 2845 Dusypogoninorum
1405 2804 1533 2843 genus
1575 2789 1611 2829 id
1650 2793 1734 2840 est,
1778 2791 1887 2843 quod
1932 2790 2040 2829 Blas-

420 2855 517 2897 milli
550 2857 679 2898 audit.
739 2856 772 2898 A
809 2857 1032 2897 Tor-actico
1062 2863 1223 2912 praeter
1253 2861 1377 2913 caput
1409 2857 1531 2898 latius
1562 2857 1870 2912 depressiusque
1904 2857 2038 2896 distin·

420 2924 554 2977 guitur
592 2927 861 2966 antennarum
900 2924 1098 2965 brevitate
1135 2929 1176 2965 et
1213 2924 1340 2966 forma
1383 2925 1503 2979 longe
1542 2924 1642 2975 alia,
1681 2925 1831 2979 quippe
1869 2937 2038 2977 quarum

420 2990 609 3031 articulus
641 2992 793 3045 primus
826 3006 905 3032 non
937 2992 987 3031 sit
1017 2991 1196 3032 secundo
1228 2992 1358 3032 multo
1380 2991 1560 3047 longior,
1595 2992 1663 3032 sed
1697 2990 1838 3032 eadem
1872 3006 1962 3030 rum
1993 3005 2041 3031 eo

457 3058 535 3085 Berl.
556 3059 718 3087 Entomot.
735 3060 885 3087 Zettsohr.
902 3058 981 3087 xVI.
1739 3059 1761 3096 5
